2936 4996
205 268 270 332 378
375 235 390 252 ⁶
608 263 767 318 Fridcricue
786 263 976 318 Bmohmann:

209 437 360 496 codicibus
397 434 566 492 deterrimis
599 436 629 492 et
665 433 855 508 interpolatis
892 419 1165 506 Ps.·Diogenianu's
1200 445 1219 486 a
1255 427 1412 497 SchottO,

218 523 385 597 Gaisfordo,
405 522 566 582 Leutschio
587 522 685 581 editus
705 524 763 596 est3
782 522 879 580 multo
898 519 1092 596 copiosiorem
1112 520 1142 576 et
1157 517 1412 594 emendatiorem

211 615 385 690 Apostolins
409 612 549 671 exhausit
574 611 718 684 codicem,
742 630 777 669 ex
797 630 854 686 quo
874 610 965 668 etiam
985 603 1113 684 epitome
1129 603 1242 683 ¹pendet
1259 625 1278 664 a
1297 605 1409 680 Greg.

213 702 324 779 Cyprio
344 704 374 760 et
389 701 528 761 Vaticani
548 700 693 776 scriptore
713 699 851 775 expilata.
880 698 973 769 Quam
991 697 1122 757 codicum
1138 694 1411 755 necessitudinem

215 792 271 852 hoc
290 793 448 850 stemmate
473 790 640 850 describere
659 807 830 864 possumus:
858 861 871 880 ι

672 887 708 939 *x

455 959 627 1027 archetypon
647 957 774 1012 codicum
794 955 932 1026 Pe-Diog.

405 1037 977 1137 *g-ffi-r,

228 1159 402 1227 archetypon
425 1154 551 1210 codicum
570 1152 664 1208 rec.A
727 1152 899 1222 archetypon
919 1152 1046 1208 codicum
1066 1151 1156 1205 reass
1214 1184 1301 1240 dim
1327 1185 1399 1256 Byz

231 1235 657 1276 μ--Λ--Ἇ
725 1233 1151 1279 ρ--Ἶθ--κ
1401 1229 1409 1240 ’

923 1278 955 1416 *t

643 1496 670 1621 ἓ

644 1626 662 1686 e

646 1688 671 1708 μ.

219 2000 248 2167 ῬΕΞΛ
211 1721 247 1962 Θωοτιεᾰθ
217 1499 246 1680 'cI-‘Sd

644 1767 663 1833 ἓ

644 1837 672 1888 ε»

553 1917 721 2006 ,ξ’

645 2016 672 2107 ,θ

241 2282 308 2354 De
335 2280 513 2377 origine
541 2275 895 2373 proverbiorum
923 2297 949 2350 a
976 2276 1375 2375 Ps.-Di0genian0

590 2383 685 2458 solo
721 2389 1015 2460 servatorum.

447 2523 523 2610 fit.
557 2523 708 2611 Quintae
732 2522 967 2590 conlectionis
990 2522 1155 2604 vestigia.

305 2658 464 2732 Reliquum
483 2660 543 2730 est,
562 2659 597 2714 ut
616 2657 652 2714 de
672 2655 847 2731 proverbiis,
866 2675 942 2731 quae
962 2655 1106 2715 conlectio
1126 2655 1407 2732 Pa-Diogenianea
1461 2639 1462 2722 l

215 2748 246 2806 in
261 2748 320 2804 fine
336 2748 521 2822 singularum
538 2746 710 2804 litterarum
725 2746 788 2804 sola
802 2745 923 2803 exhibet
938 2736 989 2825 (of.
1004 2745 1139 2804 tabulam
1154 2765 1221 2822 pag.
1239 2749 1302 2806 343
1315 2741 1405 2828 sqq.)

216 2835 319 2912 paucis
349 2835 515 2911 disputem
545 2853 612 2910 qua
639 2853 709 2892 una
740 2853 777 2893 re
809 2833 841 2891 in
869 2836 955 2892 tanta
987 2833 1120 2892 codicum
1149 2835 1296 2894 varietate
1325 2835 1404 2897 Ps.-
1461 2837 1462 2866 r

216 2919 437 3001 Diogeniani
460 2923 693 2982 recensiones
718 2941 736 2982 a
756 2923 903 2981 Zenobii
926 2922 1203 2983 recensionibus
1226 2923 1404 2984 Parisina

217 3013 253 3072 et
271 3013 475 3071 Bodleiano
494 3012 684 3071 differunt.
1254 3012 1256 3018 ’

307 3101 366 3161 Pro
392 3103 474 3160 certo
498 3102 600 3177 potest
624 3100 769 3159 affirmari
793 3097 900 3176 adagia
922 3099 976 3158 illa
1000 3119 1107 3159 avero
1127 3099 1256 3160 Zenobio
1275 3121 1402 3176 prorsus
1461 3119 1462 3146 t

218 3191 317 3249 aliena
342 3209 421 3263 esso,
448 3209 514 3248 cum
539 3181 612 3270 (uno
637 3193 758 3264 excepto
777 3189 958 3248 D1198=
974 3189 1005 3247 M
1019 3189 1117 3249 11167
1142 3190 1226 3249 cuius
1250 3189 1286 3248 de
1306 3192 1401 3266 expli-

218 3279 333 3340 catione
347 3297 419 3338 uerc
439 3279 609 3337 Zenobiana
627 3278 658 3336 in
677 3278 707 3336 M
728 3277 837 3336 omissa
856 3277 932 3335 nihil
951 3269 1074 3358 scimus)
1093 3278 1125 3335 in
1138 3277 1232 3338 Athoi
1250 3279 1299 3337 vel
1318 3279 1401 3339 Lau-

217 3368 345 3427 rentiani
360 3369 497 3428 conlectt.
514 3366 692 3426 Zenobianis
709 3359 880 3448 (Ml-111)
896 3367 1015 3426 omnino
1029 3386 1089 3426 non
1101 3366 1301 3426 inveniantur.
1333 3369 1400 3429 Hoc

217 3477 289 3518 vero
310 3459 357 3515 est
375 3457 606 3533 anquirendum,
627 3458 731 3514 utrum
750 3455 820 3514 illae
840 3455 931 3514 series
950 3455 1060 3514 iamin
1078 3458 1241 3532 archetypo
1261 3457 1399 3517 codicum
1461 3497 1462 3520 t

218 3548 388 3605 litterarum
412 3545 516 3604 ordine
541 3544 755 3621 dispositorum
774 3544 1016 3618 exstiterint,.ut
1039 3545 1117 3603 aliae
1142 3545 1400 3623 interpolationes
1461 3533 1462 3608 t

220 3656 266 3708 an,
286 3637 321 3693 ut
335 3633 440 3693 Crusio
460 3634 621 3693 videbatur
641 3653 725 3708 „sero
744 3633 864 3692 demum
882 3634 920 3692 ab
941 3634 1156 3709 interpolatore
1171 3634 1304 3694 adiectae
1319 3635 1398 3695 sint“
1461 3609 1462 3704 l

218 3717 269 3802 (cf.
284 3722 384 3781 Anall.
402 3741 470 3798 pag.
486 3725 528 3780 24
544 3716 632 3802 sqq),
670 3721 734 3791 Qua
756 3723 788 3782 in
810 3741 843 3781 re
862 3717 943 3780 haud
968 3723 1053 3800 parri
1074 3723 1218 3782 momenti
1237 3743 1303 3784 esse
1322 3725 1398 3784 mihi

219 3813 351 3888 videtur,
376 3811 455 3887 quod
479 3812 610 3870 recensio
630 3811 777 3889 Ps-Diog.
788 3812 825 3888 A,
845 3810 974 3871 Zenobio
993 3811 1143 3885 Parisino,
1161 3815 1196 3872 ut
1215 3832 1307 3888 supra
1324 3814 1398 3873 vidi·
1461 3837 1462 3840 ¹

218 3919 301 3977 mus,
319 3899 427 3958 'multis
450 3900 482 3957 in
505 3900 594 3958 rebus
615 3903 827 3976 praestantior,
851 3900 904 3958 illa
927 3900 1087 3975 proverbia
1104 3901 1242 3976 praebet,
1265 3897 1398 3979 itemque
1461 3907 1462 3976 l

221 3989 329 4048 Suidas
348 3989 399 4064 qui
415 3987 520 4047 Orusio
540 3991 617 4048 teste
637 3983 721 4069 (pag.
737 3987 793 4066 42)
812 3990 842 4048 in
861 3989 976 4048 lexicon
996 4008 1082 4048 suum
1098 3990 1199 4065 copias
1214 3991 1330 4066 recepit
1343 4011 1397 4067 „ex
1461 3977 1462 4016 ³

220 4077 342 4138 Zenobii
361 4077 525 4152 exemplari
544 4078 670 4138 servatis
691 4080 771 4137 haud
787 4097 854 4137 raro
868 4078 990 4137 meliore
1006 4080 1037 4137 et
1050 4075 1213 4155 pleniore“.
1236 4079 1314 4155 Ipsa
1325 4101 1396 4140 vero
1461 4139 1462 4156 ,

220 4166 353 4226 recensio
367 4166 503 4226 Parisina
521 4168 552 4225 in
570 4167 626 4227 hac
644 4187 676 4228 re
696 4169 811 4228 nullam
831 4167 949 4226 omnino
968 4167 1060 4227 habet
1078 4168 1176 4237 fidem,
1196 4169 1306 4244 quippe
1321 4189 1397 4246 quae
1461 4167 1462 4174 '

220 4257 251 4330 in
270 4257 328 4314 fine
347 4255 537 4331 potissimum
552 4257 739 4334 singularum
753 4257 924 4316 litterarum
944 4257 1009 4316 400
1024 4258 1087 4316 sere
1101 4258 1244 4316 lemmata
1263 4259 1397 4317 omiserit

220 4364 238 4402 a
263 4344 424 4404 Bodleiano
454 4349 584 4423 servate,
612 4365 688 4422 quae
716 4347 795 4406 iusto
823 4347 887 4404 iure
915 4344 1108 4422 Iungblutius
1138 4339 1171 4424 (l.
1196 4361 1219 4404 s.
1243 4365 1265 4405 s.
1290 4365 1319 4421 p.
1342 4340 1396 4428 17)

221 4433 431 4496 Warnkrossio
455 4435 630 4494 adversatus
654 4438 744 4512 atque
766 4433 890 4494 Crusius
915 4425 997 4517 (pag.
1019 4425 1075 4514 30)
1094 4435 1258 4512 archetypo
1278 4435 1395 4496 addixe-
