2936 4996
603 265 759 320 Friderieus
778 266 966 320 Brachmann:

810 429 855 480 καί
875 427 1022 492 Κριτόλαος
1040 424 1174 493 ςημαίνει,
1203 425 1374 492 διελέγχεται

810 509 840 561 δ’
857 507 912 560 ύπὸ
935 507 1079 560 πλειόνων.
1117 504 1152 560 ef.
1171 504 1252 560 Ρίιοδ.
1273 509 1372 572 2548.

810 585 932 655 Hesyeh.
952 583 1055 640 omisit.
1307 613 1309 619 .

232 699 292 748 490.
347 695 425 748 Ἤτοι
457 694 602 760 ςύνδεςμος
632 693 756 748 ίςοδυνα-
845 690 1198 759 Ηοε11294,50.ἤτοι
1226 695 1373 760 ςύνδεςμος

197 779 257 840 μῶν
282 781 323 844 τῷ
352 775 394 828 δέ·
428 775 506 827 Ἤτοι
525 776 573 839 ὅγ’
591 775 629 827 ὼς
656 773 755 827 είπών·
809 773 983 838 ίτοδυναμιύν
1014 779 1056 842 τῷ
1088 773 1118 826 δέ
1153 775 1226 827 τινές
1260 775 1291 828 δέ
1325 775 1373 826 καί

196 856 318 922 ’Όμηρος
337 856 370 908 ού
389 856 583 910 διαζευκτικιύς
596 854 673 919 αύτιρ
692 857 756 920 χρῆ-
810 853 872 906 άντί
890 856 941 906 τού
960 844 1016 918 ὦ
1028 857 1158 920 χρῶνται.
1204 853 1278 923 apud
1296 851 1374 906 Pho-

195 951 253 988 ται·
272 936 350 988 Τινὲς
368 935 398 988 δέ
412 937 457 988 καί
475 935 537 988 άντί
549 939 601 994 τού
616 925 676 1000 ᾖ
809 929 880 987 tium
899 931 985 986 deest.

656 1099 718 1161 sub
737 1102 755 1162 θ
774 1099 906 1161 exhibet:

301 1217 465 1287 Hesychius.
695 1215 871 1272 Bodleianus.
1122 1213 1246 1270 Ρίιοίίαι.

231 1325 340 1393 11309,
365 1332 407 1380 92.
449 1325 571 1392 Θάμυρις
633 1328 694 1378 491.
736 1325 856 1392 Θάμυρις
882 1323 971 1391 μαίνε-
1035 1321 1171 1377 οΡίιοίίο
1190 1321 1331 1378 omissum.

195 1407 330 1476 μαίνεται·
363 1404 495 1474 παροιμία
526 1406 571 1458 έπί
597 1419 654 1456 ται’
674 1405 718 1458 ἐπί
736 1409 795 1459 τῶν
814 1406 884 1460 κατὰ
899 1407 972 1459 ςύνε-

195 1493 254 1541 τῶν
273 1488 343 1540 κατὰ
362 1487 464 1540 ςύνεςιν
484 1485 570 1553 παρά·
598 1501 637 1538 ςιν
650 1485 796 1552 παράλογα
810 1487 972 1539 δοκούντων

196 1568 280 1632 λαγόν
298 1584 325 1620 τι
342 1567 534 1634 πραττόντων.
596 1565 736 1632 πράττειν.

231 1673 382 1741 1130236.
424 1673 568 1740 Θᾶττονῆ
631 1665 692 1724 492.
713 1669 833 1727 ΡΝ28.
861 1673 971 1727 Θύττον
1034 1673 1117 1737 1274,
1128 1677 1152 1724 2.
1176 1672 1207 1724 Θ.
1226 1673 1243 1738 ἢ
1265 1672 1293 1724 Β.
1312 1670 1376 1725 οἷον

198 1753 316 1820 Βούτης·
358 1752 490 1821 παροιμία
526 1753 570 1808 έπί
596 1753 613 1818 ἢ
635 1752 748 1819 Βούτης.
785 1755 850 1806 Τῶν
873 1753 917 1806 ἐπί
934 1759 969 1822 τῇ
1015 1752 1223 1818 κατεςκευάςθη.
1258 1749 1359 1805 Μίκων

195 1837 306 1888 τῶν...
331 1832 361 1886 έν
381 1839 416 1902 τῇ
437 1837 503 1901 ςτοᾷ
522 1849 570 1898 μα·
597 1835 663 1899 ςτοᾷ
688 1833 851 1899 μαχομένων
873 1850 915 1887 τις
935 1835 971 1901 ῆν
998 1834 1051 1900 γὰρ
1070 1834 1087 1886 ά
1105 1833 1254 1899 Ζώγραφος
1269 1832 1376 1898 ὀφθαλ-

198 1914 325 1979 χομένων
345 1930 386 1966 τις
404 1915 448 1981 ἦν,
468 1915 491 1983 ᾧ
510 1914 570 1966 έπε-
598 1913 620 1980 ᾧ
647 1911 836 1980 ἐπεγέγραπτο
856 1914 970 1980 Βούτης,
999 1913 1051 1978 μὸν
1075 1912 1189 1979 ποιὴςας
1209 1913 1254 1964 καί
1272 1911 1376 1978 κράνος

213 1992 354 2060 γέγραπτο
392 1993 550 2060 Βούτης...
597 1989 729 2058 ἐφαίνετο
763 1993 792 2046 δ’
815 1995 902 2048 αύτού
928 1993 971 2065 <P
997 1991 1376 2061 περιφαινόμενονέπέγροψε

195 2073 324 2127 Τάςςεται
343 2074 424 2139 οὖνὴ
439 2073 571 2141 παροιμία
598 2073 631 2125 ού
660 2070 773 2144 έφαίν,>
804 2074 838 2127 τὸ
870 2074 972 2141 κράνος
1001 2073 1115 2139 Βούτης.

196 2153 240 2205 ἐπί
266 2157 325 2206 τύιν
353 2152 455 2220 ῥαδίως
480 2169 570 2208 ςυντε-
598 2153 643 2204 καί
666 2152 682 2204 ὁ
706 2153 862 2221 ὀφθαλμὸς,
885 2155 921 2207 τά
942 2154 972 2207 δέ

195 2232 350 2298 λουμὲνων·
388 2233 433 2285 καί
463 2233 517 2300 γάρ
555 2233 570 2286 ά
598 2233 680 2284 λοιπὰ
708 2233 776 2299 μέρη
803 2233 892 2287 ἐδόκει
917 2233 972 2287 ύπὸ

197 2312 303 2379 Βούτης
348 2311 451 2379 ῥαδίως
493 2329 570 2366 κατε·
597 2316 648 2364 τού
681 2313 765 2379 άρους
800 2314 972 2380 κρύπτεςθαι.

197 2392 570 2459 ςκεύαςτο,άτεούχδλοκλή-
597 2391 732 2446 Τάττεται
765 2393 816 2446 ούν
843 2394 887 2448 έπί
914 2397 973 2447 τῶν

195 2472 569 2539 ρουτούςώματοςγεγραμ-
597 2470 700 2538 ῥαδίως
740 2472 971 2538 ςυντελουμένων.

196 2552 289 2618 μένου.
599 2551 646 2604 Καί
674 2553 727 2619 γάρ
755 2554 800 2605 καί
826 2554 842 2606 ὁ
866 2553 973 2619 Βούτης

596 2631 698 2698 ῥαδίως
712 2633 911 2698 κατεςκευάςθη
923 2633 972 2686 άτε

597 2713 633 2778 μὴ
644 2713 835 2779 γεγραμμένου
843 2717 895 2766 τού
904 2713 971 2767 άλου

597 2793 722 2858 ςιύματος
744 2793 832 2846 αύτού
855 2789 899 2863 <P
923 2793 972 2845 άτε

597 2873 648 2939 οὐχ
667 2872 820 2940 ὁλοκλήρου
839 2877 890 2926 τού
905 2873 970 2937 ςώμ.

596 2969 670 3019 γεγρ.
688 2977 721 2996 ===
735 2952 823 3025 Hes.)

230 3055 256 3110 II
266 3062 327 3123 312,
337 3061 379 3111 29.
416 3058 568 3112 Θετταλικά
631 3063 692 3113 493.
710 3059 900 3126 Θεττ.πτερά·
916 3059 970 3112 άπδ
1035 3055 1119 3126 1229,
1135 3064 1159 3112 3.
1215 3057 1294 3112 Θεττ.
1327 3073 1370 3112 πτ.

212 3138 314 3205 πτερά·
337 3141 423 3192 τούτο
446 3138 552 3205 είρηται
594 3143 647 3192 τού
665 3138 715 3192 τάς
729 3139 895 3192 θετταλικάς
908 3142 971 3205 χλα-
998 3143 1084 3192 τούτο
1099 3139 1203 3207 εἴρηται
1222 3169 1254 3177 -
1272 3139 1372 3205 χλαμύ-

196 3219 241 3272 διά
266 3219 300 3271 τὸ
327 3217 467 3285 πτέρυγας
498 3219 569 3283 ἔχειν
615 3219 701 3284 μύδας
723 3219 794 3284 ἔχειν
818 3221 953 3286 πτερύγια
999 3221 1047 3274 δας
1071 3244 1105 3262 =
1127 3219 1192 3272 Hes.
1231 3219 1372 3285 Πτέρυγες

194 3299 569 3368 τάςΘεςςαλικάςχλαμύδας·
596 3299 715 3366 εἴρηται·
730 3297 830 3353 έοίκαςι
844 3299 969 3366 γάρπτέ-
998 3300 1029 3352 δέ
1054 3328 1089 3336 -
1114 3300 1225 3366 πτέρυξι
1249 3323 1283 3343 =
1307 3297 1369 3350 Hes.

194 3380 328 3446 πτέρυγες
349 3379 403 3445 γὰρ
422 3380 571 3432 καλοῦνται
596 3381 671 3446 ρυξιν
689 3377 717 3431 αἱ
731 3378 903 3447 ἑκατέρωθεν
916 3396 971 3444 γω-
998 3378 1176 3435 adverbum.

213 3459 239 3512 οἱ
263 3459 435 3525 ἑκατέρωθεν
453 3456 552 3522 γωνίαι
596 3457 659 3512 νίαι.
744 3481 750 3494 ·

196 3539 292 3593 διὰτὸ
311 3538 428 3591 ἐοικέναι
449 3538 568 3604 πτέρυξι.

230 3643 257 3696 ΙΙ
271 3649 331 3712 312,
348 3649 391 3697 24.
429 3645 569 3698 Θετταλὸν
631 3644 853 3701 494=P1v29.
869 3647 970 3702 Θεττα-
1033 3645 1151 3715 Ι277,2.
1168 3647 1370 3714 Θεςςαλδνςυφ.

196 3725 324 3792 ςόφιςμα·
355 3723 488 3792 παροιμία
524 3724 568 3777 ἐπὶ
595 3728 652 3780 λῶν
671 3743 732 3794 ςοφ.
756 3725 910 3798 (παροιμία
926 3728 971 3780 έπί
998 3727 1041 3780 έπί
1059 3731 1118 3780 τῶν
1134 3731 1170 3794 μὴ
1185 3729 1372 3794 εύθυμαχούν·

195 3809 253 3858 τῶν
280 3804 427 3872 ςοφιζομέν
428 3821 469 3858 ων
492 3807 568 3868 λεγο-
594 3811 653 3860 τῶν
677 3806 865 3874 ςοφιΖομένων
893 3810 970 3872 λεγο-
996 3824 1055 3860 των
1074 3807 1104 3860 έν
1120 3809 1371 3875 τοῖςπαρατάξεςιν

196 3885 263 3950 μένη
291 3888 336 3937 καί
363 3886 400 3952 μή
424 3885 569 3952 ε(ύ)θυμα-
595 3886 662 3953 μνη
674 3887 719 3940 διά
731 3887 800 3940 τὸ**
813 3893 854 3964 τῷ
869 3887 971 3940 Θεττα-
997 3887 1066 3940 άλλά
1085 3890 1327 3955 κακουργούντων.

196 3966 332 4034 χούντων.
595 3969 634 4036 λῷ
653 3967 747 4031 λάγιον
762 3957 903 4038 έκπεςεῑν)
918 3984 970 4034 φυ-
1032 3967 1130 4035 1279,
1148 3972 1173 4022 8.
1225 3968 1371 4022 Θετταλῶν

594 4019 737 4100 λάττεεθαι
756 4048 792 4113 μὴ
812 4047 907 4099 έλωςιν
922 4047 969 4099 αύ-
997 4048 1058 4114 εόφ.
1083 4009 1130 4101 καί
1151 4047 1195 4100 ἐπί
1218 4048 1307 4115 μάχης
1328 4050 1370 4100 καί

593 4127 644 4179 τὸν
663 4126 691 4180 οἱ
708 4127 737 4181 ἐξ
755 4125 882 4181 ἐναντίας
901 4127 968 4194 εύχῄ
997 4127 1041 4180 ἐπί
1073 4128 1210 4194 ςχὴματος
1245 4131 1292 4180 καὶ
1328 4129 1370 4180 ἐπὶ

595 4206 696 4272 μείζονι
721 4210 766 4260 καί
793 4206 969 4274 λαμπροτέρα
996 4207 1209 4274 παρακρούεεως
1222 4209 1267 4259 καί
1281 4208 1372 4261 ἄλλων

595 4287 660 4340 κατ’
682 4288 769 4339 αύτού
796 4287 968 4353 χρηςάμεναι.
997 4285 1102 4354 μυρίων
1143 4286 1284 4340 τάςςουειν
1321 4287 1370 4340 ἀπ’

596 4368 702 4434 Νοήςας
720 4367 771 4419 ούν
784 4367 819 4419 τὸ
833 4367 967 4430 λόγων...
997 4365 1086 4420 αίτίας
1101 4367 1242 4432 τοιαύτης.
1279 4366 1368 4435 Αἰάτιμ

594 4445 771 4520 <έκατύμβην
790 4447 901 4513 ἀνδρῶν
920 4448 968 4514 ηύ-
996 4447 1049 4513 γάρ
1068 4445 1191 4500 κατιόντι
1207 4447 1222 4498 ὁ
1237 4447 1301 4499 θεὸς
1315 4447 1367 4514 ἔφη
