2936 4996
207 255 276 331 382
619 272 777 327 Fridericus
797 273 987 330 Brachmann:

237 435 239 440 '
310 428 480 498 Hesychius.¹
604 492 613 504 ν
703 433 880 490 Βοείίοίαιιιιο.
1138 433 1264 489 Ρίιοίίιιο.

604 538 648 594 ἐπί
665 559 692 594 τι
706 547 819 608 πρᾶγμα
833 558 977 610 ςτρατευο-

604 621 695 685 μένων
723 623 802 688 (corr.
830 638 977 688 ςτραγγευ-

604 702 723 769 ομένων)
744 703 782 756 δέ.
802 704 869 757 Φαςί
884 703 914 756 δέ
928 703 976 755 αύ-

602 784 655 849 τὴν
672 781 833 849 Τερψίωνος
851 780 950 854 εἶναι.)

239 882 414 952 umam.
453 887 481 939 Ἡ
501 885 576 940 κύων
639 893 699 944 468.
738 891 767 943 Ἡ
792 891 867 944 κύων
890 891 920 944 ἐν
940 895 975 957 τῇ
1038 893 1125 948 1257.
1149 890 1177 942 Ἡ
1189 889 1264 942 κύων
1278 890 1323 943 έπί
1337 894 1390 955 τῆς

205 963 235 1016 ἐν
256 969 291 1032 τῇ
312 965 418 1034 φάτνῃ·
444 965 576 1033 παροιμία
603 969 706 1037 φάτνῃ·
729 971 807 1037 Πρὸς
823 973 890 1025 τοὺς
908 971 978 1038 μήτε
1006 972 1126 1039 φάτνης·
1177 968 1310 1036 παροιμία
1344 971 1389 1022 ἐπί

203 1044 272 1110 πρὸς
293 1046 360 1097 τούς
382 1046 452 1114 μήτε
475 1047 577 1100 αύτούς
604 1051 714 1103 ἑαυτοῖς
732 1050 891 1118 χρωμένου(
909 1051 977 1118 μήτε
1023 1057 1082 1106 τῶν
1117 1051 1186 1116 μήτε
1216 1050 1371 1116 χρωμένων

206 1124 366 1189 χρωμένου(
380 1125 449 1193 μήτε
466 1126 578 1193 ἑτέρους
605 1130 704 1183 ἄλλους
716 1131 822 1184 ἐῶντος
830 1132 900 1198 παρ’
914 1132 978 1184 ὅςον
1008 1133 1072 1198 μήτ’
1103 1132 1193 1184 ἄλλοις
1226 1130 1388 1194 μεταδιδόν-

205 1204 318 1259 έῶντας.
604 1211 712 1277 ήκύων
723 1212 788 1264 οὔτε
798 1213 869 1278 αὐτὴ
886 1211 980 1278 κριθὰς
1007 1227 1074 1264 των.

605 1288 684 1343 ἐςθίει
728 1290 772 1343 καί
808 1291 859 1346 τὸν
894 1291 979 1344 ἵππον
1043 1289 1128 1344 1363.
1155 1291 1234 1344 Κύων
1253 1291 1297 1343 ἐπί
1316 1292 1388 1358 φάτ-

606 1371 657 1423 ούκ
676 1371 715 1439 ἑᾷ.
1009 1387 1072 1436 νης·
1092 1368 1225 1436 παροιμία
1244 1371 1300 1423 έ.τ.
1316 1372 1388 1437 μήτε

1009 1451 1160 1517 χρωμένων
1191 1451 1260 1518 μήτε
1286 1452 1389 1505 ἄλλους

1010 1532 1133 1585 έῶντων.

241 1629 389 1699 umba
416 1635 515 1701 Ἡμένη
534 1651 579 1689 πε·
643 1631 702 1692 469.
742 1639 842 1704 Ἡμένη
861 1641 981 1693 πελειάς·
1046 1639 1171 1706 Ipsam.
1211 1635 1311 1703 Ἡμένη
1340 1654 1388 1690 πε-

205 1712 289 1768 λειάς·
309 1713 441 1780 παροιμία
459 1715 503 1768 ἐπί
521 1719 580 1768 τῶν
608 1718 651 1771 έπί
683 1723 742 1771 τῶν
775 1719 981 1774 ἀπλουςτάτων,
1011 1718 1097 1771 λειάς·
1116 1715 1248 1784 παροιμία
1266 1717 1311 1770 ἐπί
1328 1723 1389 1771 τῶν

205 1794 403 1847 ἁπλουςτάτων
411 1794 481 1847 κατὰ
489 1794 580 1848 ἀντεξ-
626 1798 700 1851 Κατὰ
719 1798 893 1854 ἀντεξέταςιν
911 1803 964 1868 τὴν
1011 1797 1204 1865 ἁπλουςτέρων
1213 1799 1257 1849 καί
1266 1797 1388 1864 ἀκακοὴ-

207 1872 296 1925 έταςιν
332 1875 385 1939 τήν
423 1874 492 1940 πρὸς
530 1875 581 1929 τὰς
606 1877 676 1944 πρὸς
693 1877 743 1932 τὰς
761 1879 936 1947 παλευτρίας,
955 1880 983 1934 αἳ
1011 1877 1387 1944 θωνταττομένη,κατ’ἀντ-

205 1951 371 2020 παλευτρίας
388 1953 546 2027 πελειάδαςζ
607 1955 781 2023 έξιπτάμεναι
818 1961 863 2013 καί
900 1960 983 2015 ἄλλας
1029 1957 1148 2011 εξέταςιν
1180 1961 1238 2010 τῶν
1268 1959 1370 2010 παλευ-

625 2037 761 2105 ἀπατῆςαι
783 2041 964 2108 προάγονται.
1028 2042 1114 2104 τριῶν
1140 2036 1168 2091 αἳ
1187 2037 1362 2102 ἐξιπτύμεναι

606 2118 745 2212 Παλεθςαι
762 2119 863 2187 γὰρτὸ
878 2121 981 2189 ἀπατῆ-
1011 2120 1095 2172 ἄλλος
1111 2117 1302 2184 προςάγουςιν.

608 2213 650 2251 ςαι
669 2214 758 2265 φαςιν.

240 2301 390 2369 1128624,
417 2302 580 2368 Ἡρακλέους
643 2309 703 2358 470.
745 2306 909 2372 Ἡρακλέους
936 2311 982 2362 θυ-
1047 2305 1126 2360 deest
1146 2303 1222 2375 apud
1240 2301 1383 2360 photium.

205 2380 295 2438 θυςία·
314 2381 447 2449 παροιμία
463 2383 579 2437 ἐπὶτῶν
610 2383 672 2437 ςίαι·
697 2385 741 2446 ἐπί,
763 2390 822 2438 τῶν
845 2385 904 2454 εἰκῆ
922 2393 983 2442 ταῖς

205 2461 352 2608 ῇίὲιζίωντως
379 2461 482 2517 θυςίαις
508 2479 579 2530 χρω-
608 2462 710 2518 θυςίαις
728 2466 887 2532 χρωμένων.

241 2649 266 2703 ΙΙ
277 2655 390 2718 28621.
422 2651 578 2718 Ἡράκλεια·
642 2656 703 2708 471.
734 2653 876 2720 Ἡρακλεία
894 2653 980 2709 λίθος·
1045 2650 1137 2717 1265,
1154 2657 1178 2705 ἳ-
1225 2652 1388 2719 Ἡρακλείαν

205 2729 281 2784 λίθος
299 2731 334 2797 ἣν
358 2732 425 2784 ένιοι
444 2736 578 2798 μαγνῆτιν
606 2733 714 2799 ταύτην
746 2733 814 2786 ἔνιοι
845 2736 898 2801 τὴν
934 2752 982 2800 μα·
1008 2731 1098 2785 λίθον·
1118 2733 1191 2785 τινές
1208 2735 1261 2799 τήν
1281 2738 1388 2800 μαγνῆ-

223 2811 359 2874 λέγουςιν·
384 2813 435 2864 ούκ
458 2811 559 2879 ὀρθῶς·
607 2815 705 2879 γνῆτιν
723 2813 830 2876 λέγουςι
852 2817 905 2881 τήν
927 2816 982 2868 έπι-
1008 2828 1052 2864 τιν
1084 2812 1221 2865 ἀπέδοςαν
1254 2813 1299 2864 διὰ
1331 2815 1386 2880 τὴν

205 2891 392 2945 διαλλάττουςι
411 2892 496 2960 (γάρ).
530 2893 579 2946 Καὶ
607 2892 752 2959 ςπωμένην
782 2893 834 2947 τὸν
857 2893 980 2962 ςίδηρον·
1010 2891 1170 2958 Ἡρακλείαν
1196 2896 1247 2958 τῆς
1270 2893 1387 2960 Μαγνη-

204 2975 222 3038 ἡ
251 2971 300 3037 μέν
328 2971 500 3039 έπιςπωμένη
528 2972 578 3026 τὸν
607 2971 634 3024 οἱ
675 2973 705 3026 δὲ
746 2973 844 3040 ἑτέραν
883 2971 982 3040 ὁμοίαν
1009 2969 1077 3025 ςίας·
1097 2973 1164 3025 ἔνιοι
1183 2973 1214 3025 δὲ
1232 2973 1276 3025 ὅτι
1295 2975 1312 3039 ἡ
1334 2974 1385 3038 μὲν

204 3051 316 3119 ςίδηρον
336 3051 479 3118 Ἡρακλεία
498 3053 577 3121 ἐςτίν,
606 3051 816 3125 <παραπλήςιον
836 3049 876 3124 Ρ>
899 3055 980 3120 ἀργύ-
1009 3051 1182 3119 ἐπιςπωμένη
1201 3052 1251 3105 τὸν
1271 3051 1384 3120 ςίδηρον

204 3133 272 3198 ἡδὲ
291 3132 373 3199 ἑτέρα
392 3133 579 3199 παραπλήςιος
606 3149 647 3200 ρῳ
663 3132 814 3204 <κέκληται
829 3131 981 3206 δὲούτως)
1010 3130 1191 3198 Ἡρακλεῶτις
1216 3133 1235 3198 ἡ
1263 3133 1294 3186 δέ
1323 3133 1385 3185 Ma-

204 3211 333 3279 ἀργύρῳ·
361 3211 430 3264 ὥςτε
456 3212 578 3265 Πλάτων
606 3213 661 3265 ἀπὸ
691 3211 848 3278 Ἡρακλείας
874 3214 981 3268 πόλεως
1007 3216 1102 3276 γνῆτις
1129 3209 1212 3277 ὁμοία
1239 3211 1311 3265 ἐςτίν
1338 3213 1385 3278 ἀρ-

205 3291 355 3356 ἁμαρτάνει
373 3291 426 3344 ούο.
450 3291 578 3360 κέκληται
606 3293 748 3359 κληθεῑςαν
775 3293 805 3344 ἐν
829 3291 916 3362 Λυδίᾳ
938 3291 981 3364 <P
1007 3292 1084 3360 γύριμ
1103 3293 1156 3346 ete.
1188 3344 1190 3350 .

205 3372 236 3424 δὲ
250 3372 341 3424 οὕτως
355 3371 410 3424 ἀπὸ
421 3369 579 3437 Ἡρακλείας
606 3372 632 3424 ἀ.
653 3373 760 3439 Ἡρακλ.
779 3378 830 3437 τῆς
849 3373 879 3426 ἐν
894 3373 980 3444 Λυδίᾳ
1043 3375 1110 3438 266,
1129 3375 1153 3424 4.
1192 3371 1387 3440 Ἡρακλεώτης

204 3454 255 3517 τῆς
286 3450 316 3502 ἐν
348 3449 434 3519 Λυδίᾳ
462 3452 577 3508 πόλεως·
606 3452 713 3506 πόλεως
727 3479 761 3497 --
775 3449 861 3524 Hes.)
1007 3449 1093 3504 λίθος·
1118 3452 1134 3504 ὁ
1158 3451 1213 3518 ὑφ’
1235 3454 1315 3518 ἡμῶν
1335 3453 1387 3518 μά-

206 3531 248 3585 διὸ
264 3532 308 3585 καί
322 3530 466 3598 (οφοκλῆς
476 3531 578 3586 Λυδίαν
1006 3547 1075 3597 γνης
1093 3531 1109 3583 ὁ
1128 3531 1316 3596 ἐπιςπῶμενος
1332 3533 1386 3586 τὸν

204 3609 282 3665 λίθον
302 3611 390 3678 αὐτὴν
409 3614 492 3680 καλεῖ,
508 3611 534 3665 οί
548 3613 579 3666 δέ
1008 3609 1127 3677 ςίύηρον.
1167 3607 1310 3677 Ἡρακλεία
1329 3613 1387 3681 γὰρ

224 3695 354 3760 ςιδηρῑτιν
378 3690 405 3745 οί
428 3693 458 3745 δέ
483 3693 560 3759 Ἡρα·
899 3686 901 3690 ’
1007 3689 1118 3754 ἐλέγετο
1137 3691 1154 3757 ἡ
1175 3688 1328 3758 Μαγνηςίο.

207 3773 330 3826 κλεῶτιν.

236 3877 391 3947 ·11291,79.
415 3880 580 3934 Ἣςανποτ’
643 3883 704 3932 472.
739 3879 823 3932 Ἣςαν
841 3911 875 3919 -
895 3881 980 3947 Μιλή-
1043 3879 1162 3945 1269,1.
1183 3877 1388 3932 Ἡςαν-ὲΜι-

204 3960 273 4026 ι’γςαν
305 3961 412 4026 ἄλκιμοι
441 3961 579 4027 Μιλήςιοι·
608 3977 668 4014 ςιοι·
690 3960 744 4013 ἀπὸ
763 3965 884 4026 χρηςμού
902 3961 980 4025 γέγο-
1007 3961 1105 4027 λήςιοι·
1156 3955 1289 4024 παροιμία
1327 3959 1389 4014 ἀπὸ

205 4039 336 4106 παροιμία
369 4040 423 4093 ἀπὸ
458 4045 579 4107 χρηςμοθ
607 4057 654 4093 νεν
683 4041 763 4106 αὕτη.
809 4039 923 4104 Λέγεται
951 4041 981 4094 δέ
1007 4043 1129 4107 χρηςμοῦ
1149 4038 1193 4091 ἐπί
1206 4042 1265 4090 τῶν
1283 4055 1389 4105 προγε-

205 4119 579 4190 ἐπίτῶνπρογεγονύτωνίῖ),
607 4119 662 4174 ἀπὸ
689 4125 748 4173 τῶν
778 4119 832 4174 ἀπὸ
858 4119 982 4175 εύδοὶίας
1007 4121 1136 4185 γονότων
1155 4143 1189 4162 =
1207 4117 1272 4170 Hes.

545 4201 547 4208 '
607 4200 756 4255 πεςόντων.

242 4298 339 4368 11294,
350 4303 392 4353 58.
421 4299 454 4351 Ἢ
474 4301 534 4366 τρι(
552 4299 579 4354 ef
643 4305 695 4354 473
714 4325 748 4344 =
769 4297 901 4352 P1v23.
947 4299 981 4351 Ἢ
1043 4299 1131 4366 1270,
1146 4299 1170 4351 4.
1208 4298 1241 4350 Ἢ
1264 4299 1327 4363 ιρις
1351 4329 1388 4340 -

205 4385 315 4450 ἢτρθς
333 4379 423 4445 κύβοι·
448 4379 580 4447 παροιμία
606 4382 718 4448 τρίς-
737 4379 826 4445 κύβοι·
852 4374 890 4450 (ἡ
914 4395 982 4447 παρ·
1008 4379 1098 4444 κύβοι·
1125 4377 1160 4430 τὸ
1184 4377 1239 4445 γὰρ
1263 4379 1388 4433 παλαιὸν

206 4463 326 4517 ἐπὶτῶν
346 4462 364 4527 ἢ
384 4460 579 4528 ἐπιτυγχανόν-
608 4460 683 4528 οιμία
713 4460 789 4528 παρὰ
816 4459 982 4528 Φερεκράτει
1008 4459 1093 4527 τριςίν
1127 4458 1252 4526 ἐχρῶντο
1272 4459 1389 4526 γκύβοις
