2936 4996
220 245 284 312 368
626 242 784 300 Friderieus
802 243 989 298 Brachmann:

411 403 551 474 Ps-Diog.
567 403 580 456 Ι
1022 401 1185 471 Apostolius

255 510 372 564 1111139.
405 513 460 565 Τάς
479 512 508 564 έν
528 513 597 580 ᾅδου
615 510 776 578 τριακάδας·
866 473 930 563 XIII
944 513 983 563 18.
1003 510 1106 562 Τάς-
1121 509 1282 576 τριοκάδαςι
1303 497 1395 572 τιμά-

219 591 250 625 **
262 593 291 646 έν
307 594 375 660 ᾅδου
393 592 437 645 διὰ
451 595 503 658 τὴν
517 591 640 656 Ἑκάτην.
661 592 709 644 Καὶ
723 591 776 657 γάρ
831 606 884 643 ται
902 591 920 656 ἡ
935 591 1075 656 τριακὰς
1088 591 1118 643 έν
1134 592 1202 658 ᾅδου
1218 619 1252 627 -
1268 591 1395 641 δοκοῦςιν

220 672 323 739 Ἀθηνᾶ
346 673 391 724 καί
409 672 535 738 Ἄρτεμι(
558 674 603 725 καί
625 671 723 740 Ἑκάτη
747 671 777 724 ἓν
832 695 865 714 =
884 668 1014 738 KIV57,
1036 669 1067 723 G.
1079 668 1107 722 O.
1124 668 1196 722 LIII
1209 675 1248 724 14.
1268 667 1302 723 of.
1315 667 1393 721 Bodl.

138 803 140 807 .
206 750 289 806 ἐἶναι
308 754 442 806 δοκοθςιν.

255 857 321 912 VIII
337 863 379 911 41.
429 859 469 911 Τό
498 857 632 923 βαςιλικὸν
660 857 776 925 βοίδιον·
866 855 944 908 XVII
954 863 978 910 2.
1003 857 1042 910 Τό
1060 856 1195 922 βαςιλικόν
1210 854 1327 922 βοίδιον·
1350 855 1394 907 ἐπί

220 931 263 992 ἐπὶ
281 937 457 1004 Πτολεμαίου
477 942 529 990 τοῠ
551 937 617 991 νέου
638 941 703 1003 βοθς
720 939 777 992 ἔτε-
831 941 881 989 τοθ
907 936 1082 1001 Πτολεμαίου
1112 939 1177 1002 βοός
1204 937 1337 991 ἀπέτεκεν
1368 935 1394 987 ἓξ

220 1036 267 1072 κεν
287 1018 314 1072 ἓξ
334 1018 430 1084 βοίδια.
463 1018 577 1082 Λέγεται
592 1018 642 1070 οὖν
661 1019 777 1072 ἐπὶτῶν
832 1015 932 1081 βοίδια·
955 1017 1038 1084 πρὸς
1061 1017 1187 1070 οἰωνοῦ
1208 1017 1393 1080 δέ’ἀγαθοθ

219 1099 391 1152 πολυτόκων.
419 1096 523 1164 „verba
541 1098 777 1161 λέγεται-πολυτό-
831 1097 868 1149 τό
885 1098 1137 1164 ςυμβηςόμενον
1152 1097 1264 1162 λαβὼν
1279 1097 1295 1148 ό
1309 1097 1393 1150 Πτο-

221 1196 279 1232 κων
294 1177 487 1232 diasceuastae
504 1175 691 1230 νίιιάὶοοιιάιι.“ι
710 1178 776 1231 Cru·
831 1179 966 1240 λεμαῑος
979 1177 1014 1230 έν
1028 1183 1100 1232 τοῖς
1116 1176 1296 1242 βαςιλείοις
1310 1177 1395 1241 μετὰ

221 1258 279 1312 sius
299 1275 327 1327 p.
342 1264 376 1312 29
400 1258 496 1326 ltaque
520 1258 557 1312 ab
580 1259 677 1327 Apost.
701 1259 778 1311 reete
830 1257 936 1323 πάςης
977 1257 1170 1324 ἐπιμελείας
1208 1257 1393 1324 προςέταξε

174 1361 186 1377 ··
222 1337 332 1394 omissa.
831 1337 1027 1404 τρέφεςθαι·
1053 1339 1157 1406 χρήςῃ
1184 1339 1219 1392 δέ
1246 1341 1351 1390 τοῦτο
1376 1337 1394 1401 ἢ

831 1417 883 1469 ἐπί
930 1421 997 1471 τῶν
1043 1417 1224 1485 θεραπεία(
1268 1419 1395 1482 πολλῆς

832 1496 1046 1562 ἀξιουμένων
1077 1499 1094 1564 ἢ
1124 1498 1175 1550 έπί
1204 1501 1270 1551 τῶν
1299 1497 1395 1549 εὐτυ-

831 1577 986 1642 χούντων
1015 1601 1048 1622 =
1077 1576 1204 1632 Κ11165
1224 1576 1394 1630 adverbum

832 1654 904 1722 fere,
924 1654 1002 1710 Bodl.
1017 1662 1077 1712 901.

257 1763 374 1820 1111148,
394 1765 451 1818 Τόν
470 1765 571 1817 Ειίοντα
586 1765 615 1816 δ’
629 1765 777 1817 ἀντιξίιειν·
868 1761 947 1815 XVII
961 1768 1003 1816 20.
1041 1764 1097 1817 Τόν
1123 1764 1225 1818 ξόοντα
1244 1765 1394 1818 ἀντιξύειν·

220 1846 331 1899 ἐπὶτῶν
342 1845 598 1912 διάχάρινχάριτας
612 1844 777 1897 ποιούντων.
833 1843 877 1895 ἐπί
909 1847 968 1896 των
1002 1845 1224 1909 βλαπτόντων
1257 1846 1274 1911 ἢ
1309 1845 1393 1910 ὠφε-

833 1923 989 1976 λούντων
1003 1924 1106 1978 τινάς.
1122 1925 1186 1978 ἀπὸ
1201 1927 1397 1990 μεταφορᾶς

833 2007 900 2056 τῶν
919 2003 1021 2055 όνων·
1043 2004 1211 2070 ἀλλήλους
1229 2003 1292 2069 γάρ
1312 2003 1396 2055 ἀντι-

834 2083 1025 2150 κνήθουςιν.
1041 2081 1112 2136 (1.0.
1129 2083 1276 2137 [11311178
1291 2082 1396 2135 adver-

835 2162 903 2215 bum
922 2162 988 2217 lere.

314 2279 371 2339 Sed
395 2299 453 2340 non
476 2280 563 2339 modo
588 2279 699 2339 maltos
723 2279 817 2352 Ιοοοο,
846 2278 897 2353 qni
921 2278 952 2335 in
971 2277 1120 2353 Ps-Diog.
1146 2279 1266 2354 volgato
1290 2277 1397 2335 misere

222 2369 371 2428 decurtati
397 2372 516 2428 exstant
539 2369 683 2442 foedeque
707 2367 840 2442 corrupti
864 2367 1042 2443 integriores
1062 2367 1195 2428 servavit
1213 2365 1396 2442 Apostolius,

224 2459 275 2518 sed
304 2458 396 2516 etiam
424 2459 498 2516 duas
527 2476 615 2532 saepe
638 2457 737 2516 adfert
760 2449 1016 2536 explicationes1),
1040 2475 1167 2531 quarum
1190 2456 1318 2514 alteram
1337 2454 1395 2514 Pe.-

223 2546 311 2623 Diog.
325 2547 340 2604 I
355 2546 456 2606 omisit
471 2545 664 2631 alteramalii
678 2546 792 2606 codices
808 2565 842 2606 ex
856 2545 913 2603 hae
931 2545 1102 2606 recensione
1117 2547 1289 2620 pendentes,
1303 2544 1346 2604 ita
1364 2547 1397 2600 ut

224 2657 259 2695 ex
277 2637 329 2695 illo
349 2636 412 2696 solo
432 2635 595 2696 eommunis
615 2634 771 2694 ambarum
791 2634 875 2710 origo
894 2633 1033 2710 intellegi
1050 2635 1158 2711 posen,
1178 2635 1274 2694 velut:

419 2751 560 2822 Pa-Diog.
576 2752 589 2806 I
1033 2749 1196 2820 Apostolins

259 2861 323 2913 164.
362 2859 521 2927 Ἀμαλθείας
544 2860 637 2927 κέρας·
662 2861 705 2914 ἐπί
725 2864 784 2913 τῶν
873 2859 949 2912 1153.
987 2857 1147 2924 Ἀμαλθείας
1166 2859 1259 2924 κέρας·
1280 2858 1395 2910 ἐπὶτῶν

223 2941 315 2994 πάντα
333 2941 369 2993 τὰ
388 2941 457 2993 καλά
476 2941 506 2993 έν
525 2940 634 2993 ἑαυτοίς
655 2941 784 3007 κεκτημέ-
839 2939 972 3007 ἀφθόνως
1004 2941 1048 2992 καί
1076 2939 1248 3004 εὐδαιμόνως
1275 2939 1395 2992 Ζώντων.

223 3037 289 3074 νων.
329 3021 390 3074 Ῥέα
417 3020 471 3087 γάρ
498 3024 614 3073 τεκοῦςα
642 3019 692 3072 τόν
720 3019 783 3087 Δία,
839 3021 920 3088 (haec
948 3021 1033 3075 verba
1061 3035 1093 3072 ex
1118 3018 1204 3071 Snida
1231 3018 1333 3072 hausta
1360 3015 1395 3070 vi·

224 3101 328 3154 έδωιιεν
354 3099 499 3168 Ἀμαλθείᾳ
526 3099 652 3167 τρέφειν,
681 3099 726 3152 διὰ
750 3099 783 3152 τό
839 3101 958 3169 dentur.)

225 3183 261 3247 μὴ
287 3182 342 3234 ὑπὸ
366 3181 471 3248 Κρόνου
498 3183 710 3246 καταβρωθὴναι
733 3184 783 3232 τοθ
874 3182 910 3249 Α)
934 3182 977 3234 ὅτι
1004 3185 1038 3247 τῇ
1067 3184 1167 3247 τροφῷ
1194 3178 1281 3230 αὑτοῦ
1306 3179 1396 3243 Ἀμαλ-

224 3259 295 3313 ίδίου
314 3261 427 3327 πατρός.
448 3260 476 3311 Ἡ
498 3260 528 3313 δέ
546 3259 602 3323 οἰγί
622 3258 708 3312 αὐτόν
722 3260 785 3311 ὑπέ-
839 3260 899 3331 θείᾳ
922 3263 938 3314 ό
956 3262 1026 3314 Ζεὺς
1049 3258 1078 3312 ἐξ
1099 3256 1177 3322 αἰγός
1194 3259 1335 3326 τρεφούςῃ
1355 3257 1397 3310 ot·

225 3343 314 3405 βαλεν.
336 3341 365 3393 Ὀ
379 3338 475 3393 τοίνυν
489 3339 560 3392 Ζεὺς
574 3339 646 3404 μετὰ
655 3339 689 3392 τό
703 3341 785 3392 κατά·
838 3340 889 3394 τόν
907 3342 1025 3406 παρέςχε
1039 3339 1120 3405 κέρας
1138 3337 1223 3406 αἰγός,
1244 3339 1279 3390 δι’
1294 3339 1327 3391 οὗ
1342 3337 1397 3390 έπέ-

225 3424 267 3473 ξαι
289 3424 348 3472 τῶν
372 3413 501 3486 οὐρανῶν
524 3420 574 3472 τὸν
596 3419 716 3487 πατέρα,
743 3419 785 3483 έγ-
841 3423 936 3485 βλυζεν
960 3421 1030 3487 αὐτῇ
1054 3423 1109 3472 πᾶν
1129 3418 1197 3470 osv
1216 3419 1347 3486 ῂτήςατο.
1368 3441 1397 3460 =

225 3503 327 3567 κρατὴς
345 3500 493 3565 γενόμενος
511 3503 560 3570 τῆς
575 3498 715 3567 βαςιλείας,
732 3502 786 3567 τὴν
840 3499 941 3567 niso,
961 3499 993 3555 G.
1004 3498 1033 3553 C.
1048 3499 1117 3551 LIS
1137 3499 1189 3550 eto.
1217 3499 1265 3551 Kal
1284 3500 1382 3551 ἄλλως·

226 3581 275 3645 μέν
294 3581 359 3644 αἶγα
378 3580 563 3647 κατηςτέριςε·
587 3579 620 3632 τό
641 3580 671 3633 δέ
690 3581 786 3646 ἕτερον
810 3575 811 3578 ’
876 3580 910 3649 Β)
938 3581 1053 3644 Λέγεται
1081 3582 1135 3645 τὴν
1164 3579 1241 3632 Ῥέαν
1268 3584 1399 3632 τεκοῡςαν

223 3665 283 3713 τῶν
302 3661 427 3727 κεράτων
442 3661 528 3726 αὐτῆς
542 3660 655 3726 ἀφελὼν
669 3659 786 3726 παρέςχε
839 3660 890 3713 τόν
922 3658 978 3712 Δία
1010 3660 1159 3713 δεδωκέναι
1190 3664 1225 3726 τῇ
1258 3656 1399 3724 Ἀμαλθείᾳ

224 3745 258 3808 τῇ
276 3740 427 3810 Ἀμαλθείᾳ.
447 3741 652 3807 παραςκευάςας
666 3739 786 3806 γίνεςθαι
839 3741 965 3807 τρέφειν’
985 3742 1002 3806 ἡ
1018 3741 1056 3807 δέ,
1073 3742 1109 3806 μὴ
1125 3739 1224 3804 ἔχουςα
1238 3736 1322 3804 (ιιάάε
1332 3737 1400 3801 γάλα

225 3821 295 3888 αὐτῇ
316 3821 360 3872 διὰ
378 3825 430 3873 τοῦ
450 3821 565 3888 κέρατος
583 3821 599 3872 ὃ
619 3821 652 3872 ἀν
672 3819 785 3887 αἰτήςοι.
841 3845 874 3864 =-
898 3818 1042 3886 Ps-Plnt.)
1065 3817 1121 3883 αίγί
1144 3817 1279 3882 ὑπέβαλεν
1302 3817 1399 3869 αὐτόν·

840 3902 905 3954 όθεν
933 3900 1077 3965 Αἰγιοθχος
1104 3899 1215 3964 ἐκλήθη.
1254 3897 1284 3949 Ὁ
1307 3895 1400 3949 τοίνυν

840 3981 910 4034 Ζεὺς
941 3983 994 4047 τὴν
1027 3981 1076 4045 μέν
1109 3979 1175 4042 αἶγα
1211 3977 1400 4043 καθιςτόρηςεν

298 4142 323 4208 1)
338 4140 369 4194 In
388 4141 442 4194 Irae
462 4157 572 4210 qnoque
592 4157 636 4208 re,
656 4139 680 4194 si
700 4139 786 4194 ceteri
804 4138 886 4194 huius
901 4137 1072 4193 recensionis
1092 4137 1202 4193 codices
1221 4136 1400 4207 proverbium

228 4213 342 4266 omnino
370 4229 425 4265 non
456 4215 601 4266 exhibent
613 4215 663 4266 aut
686 4213 761 4266 omni
785 4213 881 4267 carent
899 4210 1093 4279 explicatione,
1113 4209 1147 4282 de
1166 4207 1310 4277 Apostolii
1328 4209 1400 4261 sonte

226 4285 295 4337 certi
324 4283 396 4336 nihil
426 4283 599 4354 distinguere
622 4301 778 4352 possumne.
823 4282 857 4339 of.
878 4281 1027 4352 Ps-Diog.
1044 4281 1056 4332 Ι
1075 4280 1130 4334 115
1156 4305 1189 4325 =
1209 4280 1348 4350 Apisa,
1368 4276 1399 4330 of.

227 4356 290 4410 Zen.
310 4355 447 4410 Panltt.
471 4386 501 4394 -
522 4354 689 4410 Ps-Dllls
711 4381 744 4400 =
764 4357 815 4423 Ap.
826 4352 878 4408 118
902 4385 933 4394 —
954 4353 1126 4410 Ps-Dlres
1146 4378 1182 4402 =
1201 4351 1253 4420 Ap.
1267 4350 1349 4405 11155
1370 4379 1399 4388 ν

225 4426 411 4480 Ps.-DIII'I3
426 4453 459 4472 =
476 4428 526 4496 Ap.
539 4427 606 4480 1121
624 4452 656 4472 =
671 4427 721 4480 DV
738 4426 838 4495 Ilo-l-
850 4425 882 4478 D.
