2936 4996
161 1112 232 1200 gl.
246 1114 308 1198 ¹Ilo
331 1111 479 1196 antiquo
502 1112 903 1200 paroemiographorum
927 1100 1086 1200 corpore.

132 1265 236 1324 Studia
253 1264 549 1340 paroemiographica
565 1264 736 1340 nuperrime
755 1283 773 1323 a
792 1265 864 1324 viris
883 1266 977 1324 doctis
997 1266 1115 1341 saepius
1134 1269 1210 1324 trac-

54 1357 110 1412 tata
119 1353 212 1412 Orusii
221 1353 358 1429 inprimis
367 1353 470 1413 libello
480 1353 532 1429 qui
540 1353 712 1413 inscribitur
726 1355 878 1428 „analecta
888 1355 990 1414 critica
999 1355 1037 1413 ad
1047 1355 1212 1430 paroemio-

55 1444 171 1518 graphos
193 1437 341 1502 Graecos“
360 1439 408 1502 ‘ica
427 1447 497 1502 sunt
515 1443 694 1518 amplificate
713 1447 744 1502 et
762 1443 921 1519 explicata,
940 1448 975 1502 ut
996 1445 1056 1502 iam
1074 1443 1212 1504 videatur

55 1532 123 1590 illius
144 1531 273 1608 vestigia
295 1533 500 1608 prementibus
523 1533 609 1591 nobis
637 1533 686 1590 via
714 1551 772 1608 qua
799 1533 941 1608 progredi
967 1533 1114 1608 possimus
1139 1533 1212 1592 satis

55 1620 158 1679 munita
184 1640 257 1680 esse.
305 1621 452 1696 Exposuit
484 1620 562 1679 enim
595 1621 688 1680 Athoi
719 1613 777 1702 (Μ)
786 1614 811 1701 ¹)
844 1625 874 1679 et
901 1621 1094 1680 Laurentiani
1124 1614 1211 1704 (L)²)

57 1729 197 1769 commune
216 1710 400 1785 archetypos
419 1709 548 1786 quinque
568 1711 747 1769 continuisse
766 1711 992 1785 proverbiorum
1008 1711 1214 1786 conlectionem

55 1818 167 1872 (querum
184 1800 298 1874 priores
313 1803 375 1858 tres
390 1792 432 1877 (si
445 1799 537 1858 Athoi
552 1799 684 1858 ordinem
698 1799 892 1874 integriorem
910 1793 1076 1879 sequimur)
1093 1800 1214 1860 Zenobii

55 1887 308 1963 complecterentur
335 1886 400 1946 τῶν
428 1882 588 1961 Ταῤῥαίοο
615 1884 666 1946 καὶ
697 1884 842 1963 Διδύμου
866 1887 1044 1962 παροιμιῶν
1063 1889 1214 1964 epitomen

55 1977 238 2053 tripartitam3
257 1977 295 2036 ad
314 1981 453 2052 quartam
467 1977 680 2036 conlectionem
700 1970 788 2057 (LII,
805 1977 836 2035 in
851 1977 880 2034 M
895 1971 1096 2058 delictentem)
1115 1982 1213 2053 „certe

55 2067 247 2125 afabulatore
272 2065 371 2141 aliquo
395 2066 503 2124 aetatis
527 2065 741 2142 imperatorum
764 2060 941 2125 conflatam“
968 2065 1124 2124 referende
1147 2085 1212 2126 esse

53 2156 134 2222 rerba
160 2155 192 2213 in
218 2155 243 2212 L
273 2155 448 2213 conlectioni
466 2155 574 2213 tertiae
598 2154 778 2229 subscripta:
807 2148 1022 2227 Πλουτάρχου
1050 2150 1213 2229 παροιμίαι

55 2237 97 2301 uic
122 2237 339 2317 Ἀλεξανδρεῖς
372 2239 529 2318 ἑχρῶντο;
563 2243 697 2319 quintam
729 2243 857 2318 danique
889 2243 964 2302 conl.
993 2235 1092 2324 (LIII
1110 2237 1213 2326 MIV)

55 2331 173 2392 frustula
191 2333 335 2408 praebere
351 2333 423 2391 satis
438 2333 545 2406 exigua
563 2331 661 2408 operis
679 2335 748 2407 post
761 2331 885 2391 Luciani
903 2335 1032 2391 aetatem
1047 2351 1065 2390 a
1079 2332 1214 2408 sophista

55 2422 142 2498 aliquo
153 2421 338 2482 conformati.
352 2421 416 2480 Iam
425 2439 602 2497 quamquam
615 2421 735 2480 Zenobii
745 2421 878 2480 recensio
884 2420 984 2480 Athos
992 2422 1181 2480 exdeteriore
1187 2414 1213 2501 ³)

55 2511 127 2570 fluxit
153 2513 316 2587 archetypo
340 2530 429 2586 quam
452 2511 565 2570 codices
592 2530 610 2569 a
634 2509 882 2585 Gottingensibus
906 2502 1084 2590 evolgeti4)‚
1117 2531 1214 2586 neque

56 2602 126 2658 caret
152 2601 356 2660 diasceuastae
385 2600 432 2658 vel
455 2600 570 2660 librarii
597 2599 775 2675 corruptelis
798 2599 1079 2673 interpolationibus
1099 2600 1212 2658 additu-

55 2691 163 2763 nentis,
181 2694 284 2748 tamen
301 2689 422 2747 minimo
441 2692 488 2748 est
506 2689 684 2765 spernenda3
705 2707 775 2746 nam
794 2706 860 2746 cum
879 2687 1041 2762 requisitae
1060 2687 1212 2748 doetrinae
1285 2751 1295 2772 1

55 2777 182 2852 reliquias
201 2777 334 2838 servavit
352 2770 551 2858 aNaucki05)
567 2777 793 2837 adcuratissime
808 2775 995 2851 compositas,
1009 2778 1075 2834 tum
1093 2777 1212 2836 lemma·

55 2868 109 2922 tum
126 2867 257 2927 ordinem
276 2866 422 2926 veriorem
439 2865 564 2942 praebet
583 2885 672 2942 quam
691 2867 774 2926 codd.
789 2865 905 2940 volgati
919 2866 1078 2924 secundum
1095 2866 1213 2924 litteras

55 2953 92 3011 illi
108 2956 250 3031 dispositi,
270 2953 347 3031 quod
365 2955 479 3031 primus
495 2955 709 3016 demonstravit
722 2946 963 3034 Jungblutiusi),
983 2952 1106 3013 Crusius
1121 2974 1213 3030 genu-

55 3043 89 3101 ini
109 3044 216 3104 ordinis
245 3045 411 3104 rationibus
433 3044 597 3121 perspectis
624 3044 720 3104 fusius
749 3043 921 3120 explanavit
948 3063 975 3118 p.
998 3045 1038 3102 70
1055 3060 1118 3119 sqq.
1156 3044 1209 3102 Mi·

55 3135 165 3193 serrima
184 3137 286 3193 antem
310 3135 440 3192 omnium
463 3139 510 3194 est
533 3135 654 3210 quintae
678 3153 767 3210 quam
786 3132 910 3192 Grusius
929 3131 1000 3191 dicit
1020 3132 1212 3192 conlectionis

54 3213 92 3299 (Μ
103 3223 142 3280 IV
156 3223 180 3282 L
194 3217 256 3300 III)
279 3223 416 3300 condito,
435 3225 471 3283 de
490 3243 550 3300 qua
568 3225 637 3284 vide
655 3224 782 3282 eundem
800 3242 828 3297 p.
846 3223 885 3282 65
905 3239 969 3297 sqq.
996 3222 1041 3279 Ex
1054 3224 1118 3280 toto
1134 3223 1212 3281 enim

56 3312 192 3384 sophistae
220 3329 309 3386 opere
336 3311 506 3370 litterarum
535 3311 637 3372 ordine
665 3313 824 3388 diligenter
848 3310 1025 3385 composite,
1054 3312 1132 3386 quod
1159 3330 1213 3386 per

56 3416 143 3459 onnes
161 3400 278 3459 litteras
297 3419 329 3458 se
347 3400 514 3474 porrexisse
532 3412 599 3459 cum
617 3421 671 3476 per
689 3420 720 3458 se
739 3399 804 3460 veri
818 3403 864 3458 est
879 3399 984 3474 simile,
1002 3403 1066 3457 tum
1081 3419 1116 3458 ex
1131 3399 1212 3460 codd.

56 3489 141 3565 volgg.
159 3489 297 3566 cognosci
316 3492 430 3566 potest,
453 3488 496 3546 nil
515 3489 572 3548 nisi
590 3490 703 3564 primae
721 3490 840 3549 litterae
859 3488 941 3562 prior
960 3506 1029 3562 pars
1049 3480 1084 3568 (α
1092 3487 1212 3564 β-αν)

56 3576 80 3633 in
96 3579 117 3635 L
135 3582 232 3639 exstat
250 3573 296 3658 (in
314 3579 345 3637 M
364 3579 449 3638 deest
466 3575 598 3658 initium)
615 3579 744 3654 turpiter
762 3582 793 3637 et
811 3576 864 3634 illa
878 3577 1053 3650 deformata,
1073 3597 1161 3654 saepe
1179 3584 1213 3636 nt

115 3733 139 3799 1)
157 3731 200 3787 ed.
219 3730 333 3785 Miller:
352 3730 495 3799 Melanges
515 3728 549 3784 de
568 3729 724 3784 litterature
744 3730 869 3797 Greeque
888 3728 967 3782 Paris
988 3734 1064 3783 1868.

114 3807 140 3868 2)
158 3803 200 3857 ed.
220 3802 401 3871 Jungblutius
419 3801 489 3853 Mus.
505 3800 593 3854 Rhen.
608 3800 751 3854 XXXVIII
771 3801 863 3869 (1883)
881 3819 907 3869 ρ.
924 3806 1073 3854 391-420.

115 3875 139 3942 3)
159 3873 239 3938 Quod
249 3888 306 3926 non
319 3873 462 3941 perspexit
475 3871 700 3926 Warnkrcssius:
715 3870 755 3924 De
771 3871 1032 3941 paroemiographis
1044 3871 1140 3940 capita
1149 3871 1212 3928 (Ιιιο.

57 3939 115 3997 Diss.
129 3943 222 4012 inaug.
242 3943 396 4012 Gryphisw.
419 3947 485 3998 1881
506 3961 534 4012 p.
550 3948 575 3996 9.

115 4018 139 4081 4)
158 4013 264 4083 Corpus
288 4013 603 4084 paroemiographorum
626 4012 795 4067 Graecorum
821 4014 882 4069 edd.
902 4015 933 4068 Ε.
953 4015 983 4067 L.
1004 4029 1021 4066 a
1040 4013 1160 4080 Leutsch
1185 4016 1214 4068 et

56 4081 328 4140 summiseris
347 4086 500 4154 Gottingae
519 4086 597 4140 rom.
612 4083 625 4136 Ι
641 4089 718 4152 1839,
738 4085 815 4138 Tem.
831 4084 857 4138 Π
873 4091 949 4140 1851.

116 4158 140 4224 5)
160 4155 292 4224 „Bericht
306 4158 375 4210 iiber
391 4156 421 4210 Ε.
436 4157 540 4211 Miller:
559 4155 703 4224 Melanges
719 4159 789 4209 etct‘
805 4155 846 4210 in:
866 4157 984 4210 bulletin
1001 4157 1035 4210 de
1050 4155 1214 4210 l'academie

55 4223 185 4295 inperiale
208 4227 243 4282 de
268 4226 390 4282 sciences
409 4229 443 4282 de
463 4227 503 4282 St.
514 4226 701 4296 Petersbonrg
720 4226 784 4280 XIII
805 4232 873 4282 1869
894 4228 945 4282 col.
962 4233 1014 4280 844
1026 4244 1084 4295 sqq.
1112 4227 1213 4295 quibus

56 4297 115 4352 adda
133 4298 207 4356 Orus.
222 4299 241 4354 l.
256 4319 275 4353 s.
292 4317 313 4352 s.
327 4317 353 4368 p.
366 4305 399 4353 97
419 4300 483 4354 adn.
499 4306 523 4352 1.

115 4372 139 4438 6)
158 4369 357 4434 Quaestionum
377 4371 411 4424 de
430 4368 689 4439 paroemiograpbis
716 4386 781 4438 pars
799 4369 888 4438 Prior:
912 4369 953 4423 De
973 4368 1103 4422 Zenobio.
1141 4367 1213 4423 Diss.

54 4437 135 4510 inaug.
154 4442 217 4496 Hal.
240 4446 305 4496 1882
325 4459 389 4511 pag.
405 4447 490 4510 tsqq.

945 4531 1000 4584 23*
