2936 4996
223 249 288 312 342
496 222 498 226 ι
631 249 788 302 Fridericus
805 249 992 302 Brachmanm

224 435 298 493 quae
314 417 371 476 sibi
386 419 479 476 velint
498 417 708 492 explicationes
729 415 847 475 omnino
866 416 1001 490 intellegi
1021 435 1081 473 non
1098 414 1201 490 possit.
1227 415 1303 472 Tum
1327 415 1408 472 inde

223 509 272 565 ab:
297 499 367 579 τάχ
393 501 538 580 εἰιόμεθα
557 501 701 579 μάντεως
720 497 929 585 (μάντεων)
916 502 1093 578 υπέρτερον
1107 504 1191 563 varia
1210 505 1323 562 scholia
1350 523 1407 561 ex

222 595 368 671 pilantur,
391 595 500 671 quibus
523 596 667 654 accedunt
689 595 758 653 iude
782 594 819 652 ab
843 584 1011 667 ἀδράετειᾱ
1030 613 1124 669 usque
1143 594 1181 650 ad
1198 593 1284 651 finem
1306 593 1407 650 inter·

222 684 388 760 polationes
408 703 424 741 e
443 684 536 742 lexico
555 683 653 759 aliquo
676 685 877 758 depromptae.

314 773 360 830 Ex
378 772 476 831 codice
501 772 646 848 persimili
671 774 722 830 sed
745 771 877 830 melioris
899 774 988 828 notae
1014 790 1080 828 cum
1098 771 1287 847 volgatorum
1306 769 1406 828 libro-

223 881 289 919 rum
308 863 491 936 archetypos
510 879 681 936 expressum
701 867 788 933 esset,
808 864 868 919 tres
887 860 955 919 illos
971 860 1091 918 Zenobii
1110 860 1203 918 libros
1222 859 1406 918 continebat

223 970 283 1008 una
301 969 367 1008 cum
386 951 550 1025 proverbiis
565 949 773 1008 Alexandrinis
794 967 833 1007 ex
856 948 980 1008 ordine
1000 948 1209 1007 litterarum
1230 948 1311 1006 haud
1330 948 1405 1004 dili-

226 1042 332 1115 genter
351 1040 539 1114 compositos,
559 1040 667 1114 quibus
687 1039 743 1097 sub
763 1038 888 1114 singulis
906 1038 1017 1096 litteris
1037 1041 1067 1096 et
1085 1037 1254 1096 densissimi
1274 1036 1406 1112 quintae

224 1127 414 1186 coelectionis
434 1130 465 1186 et
492 1127 624 1187 continui
647 1128 764 1186 ordines
784 1145 806 1184 s
826 1127 918 1185 lexico
941 1126 1039 1202 aliquo
1064 1127 1233 1201 deprompti
1255 1125 1406 1184 insulcati

224 1220 318 1288 erant,
333 1218 428 1274 multo
447 1216 493 1288 illi
506 1217 676 1275 adcuratius
692 1216 829 1292 dispositi
848 1235 965 1290 semper
984 1219 1018 1274 ut
1037 1215 1124 1273 binae
1139 1216 1187 1273 vel
1200 1216 1302 1290 plures
1318 1216 1407 1272 litte-

223 1323 274 1363 rae
300 1306 526 1380 respicerentur.
564 1304 629 1364 Tali
660 1325 695 1364 ex
718 1305 799 1364 fonte
823 1303 925 1362 hausti
947 1304 978 1361 in
1002 1304 1077 1362 duas
1105 1303 1218 1380 volgati
1242 1304 1407 1362 discedunt
1454 1331 1455 1334 ¹

224 1397 339 1468 partes:
367 1395 404 1451 ab
429 1395 524 1452 altera
549 1398 631 1452 stant
649 1394 763 1454 codices
782 1385 901 1474 PHr1)
921 1393 1053 1452 recensio
1074 1391 1220 1466 Parisino,
1246 1393 1283 1450 ab
1303 1393 1406 1450 altera

223 1473 352 1561 BVA2)
372 1483 502 1542 recensio
522 1483 693 1558 Bodleiana,
713 1482 941 1557 explicationem
959 1482 1096 1540 ubertate
1115 1481 1176 1558 illa,
1195 1481 1267 1540 haec
1287 1482 1405 1540 ordinis

222 1571 397 1648 integritate
418 1571 628 1647 praestantior.

314 1659 536 1720 Conlectionem
562 1660 688 1735 denique
707 1648 1046 1738 Ps.-Diogenianeam³)
1075 1659 1203 1718 Zenobio
1231 1659 1400 1718 Bodleiano

225 1749 408 1807 simillimam
424 1751 475 1808 sed
489 1750 584 1808 multo
595 1751 783 1824 deteriorem,
799 1749 983 1808 celeberrimi
997 1748 1078 1806 illius
1092 1747 1281 1824 grammatici
1290 1767 1402 1806 nomen

223 1838 334 1896 iniuria
358 1856 431 1913 prae
454 1857 485 1896 se
509 1839 588 1897 ferre
606 1839 805 1914 Jungblutius
824 1839 843 1896 l.
860 1857 881 1897 s.
897 1857 920 1897 s.
939 1857 1006 1914 pag.
1024 1840 1062 1896 17
1076 1856 1139 1914 sqq.
1162 1837 1331 1895 luculenter
1350 1837 1401 1896 de-

223 1918 449 2008 monstravit⁴);
474 1927 627 2002 proprium
648 1927 705 1986 sibi
727 1928 819 1986 habet
838 1931 869 1986 et
887 1946 1029 2004 magnum
1048 1927 1223 1984 lemmatum
1241 1945 1401 1984 numerum

224 2007 361 2095 (quintae
385 2017 573 2090 potissimum
597 2013 736 2094 conlect.)
761 2004 816 2075 suli
842 2015 949 2091 quibus
977 2017 1064 2091 plura
1087 2015 1308 2090 coniunguntur
1332 2035 1399 2089 pro-

222 2104 324 2164 verbia
353 2105 472 2164 easdem
500 2106 664 2164 sententias
691 2105 898 2180 inlustrantia,
927 2109 958 2162 et
989 2105 1218 2180 proverbiorum
1251 2105 1398 2179 quaedam

223 2193 343 2268 agmina
368 2194 399 2250 in
422 2193 480 2251 fine
510 2195 696 2269 singularum
724 2194 894 2252 litterarum
922 2213 940 2252 a
969 2193 1075 2252 ceteris
1100 2192 1220 2251 Zenobii
1245 2193 1396 2252 codicibus

223 2283 346 2358 omissa,
368 2283 404 2340 ds
423 2283 530 2358 quibus
549 2283 627 2340 intra
646 2287 762 2358 agetur.

224 2488 297 2574 §2
329 2489 649 2572 Paroemiographi
672 2489 864 2570 Byzantini
887 2506 933 2555 ex
961 2439 1143 2554 codicibus
1161 2488 1398 2555 Pseudo-uio-

607 2579 788 2658 genianeis
811 2576 1014 2662 pendentes.

316 2726 468 2785 Hactenus
488 2727 585 2786 adhuc
599 2745 760 2803 progressa
774 2731 844 2786 sunt
859 2725 957 2785 studia
970 2726 1274 2801 paroemiographica.
1293 2727 1397 2803 Itaque

225 2815 333 2891 reliqui
355 2815 616 2893 paroemiograpbi
643 2835 660 2874 a
685 2815 933 2892 Gottingensibus
963 2815 1036 2873 editi
1065 2815 1227 2874 Vaticanus
1251 2815 1397 2888 Krameri,

227 2903 388 2979 Gregorius
405 2903 544 2982 Cyprius,
559 2905 737 2981 Diogeniani
752 2906 879 2980 epitome
890 2904 1027 2980 Vindob,
1045 2905 1199 2980 Macarius,
1213 2903 1396 2980 Apostolius,

224 2993 260 3050 de
279 2993 388 3068 quibus
406 3012 502 3069 neque
522 2995 573 3052 alii
593 3014 639 3055 vv.
659 2995 706 3053 dd.
725 2994 821 3052 fusius
838 2993 1052 3067 disseruerunt,
1071 3013 1166 3069 neque
1182 2993 1306 3054 Crusius
1326 2996 1395 3070 egit,

227 3081 284 3139 nisi
307 3082 338 3139 in
363 3084 537 3141 transcursu
555 3103 584 3158 p.
601 3085 640 3142 39
653 3103 716 3160 sqq.
735 3082 815 3141 haud
833 3082 950 3158 indigni
968 3083 1042 3140 mihi
1061 3083 1248 3158 videbantur,
1272 3102 1396 3158 quorum

224 3171 252 3227 in
266 3171 364 3245 copias
380 3171 470 3230 altius
485 3171 675 3247 inquirerem.
696 3171 769 3230 Cum
784 3191 855 3231 vero
866 3171 961 3230 multo
972 3172 1074 3246 plures
1089 3171 1150 3229 sint
1160 3173 1349 3247 quaestiones
1360 3173 1396 3230 ab
1462 3203 1463 3268 ,

223 3259 283 3318 illis
303 3259 445 3318 oriundae
461 3263 491 3318 et
505 3260 695 3334 difficiliores,
714 3279 804 3336 quam
819 3279 894 3337 quas
909 3261 966 3320 hac
979 3260 1183 3336 disputatione
1198 3261 1316 3336 possint
1330 3280 1395 3318 con·
1462 3273 1463 3302 ι

223 3346 279 3423 fici,
298 3348 353 3406 hoc
367 3368 460 3406 unum
474 3350 548 3407 mibi
566 3351 716 3426 proposui,
735 3353 770 3408 ut
784 3369 843 3426 qua
862 3349 1048 3425 cognationis
1066 3350 1180 3408 ratione
1195 3369 1261 3408 cum
1277 3351 1394 3409 Zenobii
1462 3339 1463 3362 ¹

224 3437 373 3495 codicibus
393 3438 595 3514 cohaererent,
615 3459 704 3514 quarn
723 3439 950 3498 adcuratissime
969 3437 1191 3514 investigarem.
1219 3438 1304 3498 Hanc
1319 3440 1395 3496 enim

223 3526 427 3599 quaestionem
443 3528 479 3584 ad
491 3547 644 3586 commune
659 3529 740 3592 codd.
753 3527 859 3587 Zenob
871 3528 973 3587 archet
974 3547 1054 3604 ypon
1066 3528 1141 3586 riest
1142 3527 1285 3586 tuendum
1295 3545 1364 3602 mag
1366 3528 1396 3585 ni

225 3632 289 3672 esse
308 3616 451 3674 momenti
470 3617 551 3674 baud
570 3617 690 3675 difficile
710 3617 782 3675 est
774 3621 820 3676 int
807 3618 938 3676 ttuellee
976 3617 1062 3686 Qua'
1055 3636 1086 3674 ιιι
1099 3637 1131 3674 re
1146 3616 1326 3690 exploranda
1341 3617 1396 3690 pri

224 3721 302 3760 mam
327 3703 400 3761 mibi
420 3704 502 3762 dedit
521 3723 632 3778 ansam,
654 3706 759 3780 quod
751 3726 781 3764 ιιι
797 3707 933 3764 omnibus
948 3705 1030 3764 codd
1051 3724 1142 3779 supra
1161 3705 1269 3763 adlatis
1284 3706 1397 3763 multa

224 3795 369 3851 exstant
387 3794 594 3871 proverbia,
614 3814 632 3852 a
650 3793 677 3852 D
693 3795 824 3853 soloin
843 3795 917 3852 fine
939 3795 1167 3870 singularum
1186 3793 1395 3852 litterarum

224 3885 368 3940 servata
351 3872 439 3961 a.(cs
456 3883 574 3942 tabulas
595 3883 733 3944 Warnkr.
752 3885 894 3958 l.s.s.p.
910 3886 961 3958 22,
981 3881 1064 3942 Orus
1085 3903 1112 3956 p.
1129 3874 1195 3962 24).
1223 3882 1269 3940 En
1288 3883 1395 3974 habes:

227 4001 426 4008 -.-.—.......—-...
431 4003 439 4009 ⁴

297 4069 384 4136 1)ed.
414 4067 556 4122 Gaisford.
590 4069 839 4139 Parcemicgraphi
867 4069 965 4124 Graeci
990 4069 1177 4124 Oxonii183b
1205 4087 1230 4138 p.
1257 4074 1342 4121 228-
1346 4077 1395 4123 ,292

224 4138 331 4208 Corpus
350 4141 474 4194 Paroem.
495 4140 620 4210 Gottiug.
640 4143 693 4210 lp.
710 4149 757 4194 1
764 4147 821 4196 175

295 4211 385 4277 2)9.ι1
405 4209 529 4280 Gaist'p
532 4219 604 4267 .—1
609 4219 667 4266 120.

294 4282 418 4349 3)cuius
442 4282 476 4336 de
495 4230 637 4337 codicibus
656 4285 691 4336 ab
714 4283 867 4337 editoribus
887 4279 1018 4350 Schotto,
1043 4283 1205 4350 Gaislordo,
1230 4282 1394 4351 Gottingcn-

225 4353 301 4405 sibus
320 4351 454 4406 adhibitis
473 4353 537 4408 vide
556 4355 642 4408 Gaisf.
662 4355 749 4423 prmaef
765 4353 840 4424 Vsq.
861 4353 1033 4408 Schneidew.
1053 4353 1139 4424 praef.
1155 4373 1181 4422 p.
1198 4325 1274 4406 llllX

295 4426 322 4492 )
295 4424 376 4479 cf
394 4423 446 4476 Gru
450 4425 553 4479 siurul
569 4446 589 4480 s
605 4445 624 4480 s.
640 4445 667 4494 p.
683 4432 716 4478 23
737 4429 766 4479 et
783 4443 810 4494 p.
827 4427 956 4479 ltbadu.
975 4435 995 4479 l.
