2936 4996
375 269 556 336 Quaestiones
574 270 912 340 Pseudo-Diogenianeae.
1166 270 1232 335 363

863 431 1027 501 Apostolius

670 541 768 609 γύπτψ
792 557 855 593 cum
880 537 967 593 Snida
1001 540 1036 595 cf.
1057 541 1120 594 Zeu.
1142 509 1232 594 Besa

670 619 751 674 Laur.
772 618 798 672 ΙΙ
818 623 861 686 19)
889 621 928 673 ὡς
954 619 1046 688 pecie,
1072 619 1231 690 ἀνθρωπεία

670 705 753 768 φωνῇ
766 700 900 766 ἐχρήεατο
913 701 957 753 καὶ
971 701 1031 753 εἶπε
1039 701 1075 753 τὰ
1089 700 1232 765 μέλλοντα.

147 811 362 872 Verumtamen
380 832 451 872 cave
470 833 507 872 ne
525 814 742 874 inconsiderate
761 813 913 873 recens.B
937 833 972 872 ex
996 814 1051 888 Ap.
1071 814 1231 873 restituere

64 901 179 960 coneris.
211 900 432 976 Explicatioues
450 904 527 961 enim
542 904 565 961 A
571 905 699 979 postolii,
718 922 794 978 quae
809 921 875 961 cum
890 901 1039 962 codicibus
1055 903 1231 962 Zenobianis

65 990 108 1048 νο]
126 991 401 1066 paroemIograpbis
420 991 592 1067 Byzantinis
612 994 692 1052 haud
711 995 780 1067 apte
799 990 997 1063 consentiunt,
1016 994 1069 1050 aut
1087 992 1175 1066 plane
1194 992 1231 1049 ab

66 1079 121 1137 illis
140 1081 211 1158 sunt
230 1081 365 1150 omissae,
385 1082 487 1139 utrum
507 1100 542 1139 ex
568 1083 667 1142 codice
686 1081 834 1158 Ps.·Di0g.
863 1080 1015 1152 fluxerint,
1045 1099 1084 1137 an
1111 1098 1146 1138 ex
1164 1081 1231 1140 aliis

66 1168 205 1240 lontibus,
236 1188 310 1244 quos
329 1163 473 1248 multos¹)
498 1171 604 1229 habuit
623 1171 738 1248 Apost.,
763 1173 843 1229 certo
868 1169 1024 1228 diiudicari
1043 1187 1131 1243 saepe
1150 1170 1232 1229 nullo

65 1257 144 1316 modo
158 1257 268 1331 potest.
286 1257 433 1334 Ambigas
450 1277 520 1316 sane
535 1261 570 1319 de
585 1262 641 1335 Ap.
652 1260 682 1318 ΙΙ
694 1261 749 1335 24;
764 1258 838 1317 XIII
850 1261 905 1334 993
922 1258 1014 1317 Mant.
1030 1258 1117 1318 Prov.
1132 1258 1230 1336 11733

66 1345 116 1419 hp.
130 1346 264 1406 x1v23.
300 1347 345 1404 De
370 1366 423 1406 suo
448 1348 597 1408 addidisse
616 1349 807 1425 Apostolium
832 1347 1059 1422 explicationem
1080 1347 1232 1423 proverbii

65 1427 233 1507 Ἀργαλέον
261 1433 445 1510 φρονέοντα
474 1441 529 1496 etc.
557 1437 638 1496 Vld
669 1429 885 1514 particula-dv
913 1436 1080 1512 significare
1104 1437 1232 1509 videtur,

48 1515 235 1597 'praesertim
255 1543 321 1583 cum
340 1527 371 1582 et
390 1524 423 1585 (l.
439 1513 470 1585 0.
486 1526 516 1584 M
530 1526 598 1586 182
619 1530 650 1586 ct
669 1527 742 1587 Mac.
757 1525 786 1583 ΙΙ
803 1527 844 1585 35
865 1525 968 1600 explic.
991 1545 1052 1584 non
1080 1525 1232 1600 praebeat.

65 1611 238 1690 Magnopere
258 1633 329 1673 vero
348 1616 512 1674 cavendum
531 1619 586 1693 est,
604 1636 650 1691 ne,
670 1633 862 1692 quaecunque
881 1617 913 1672 in
930 1614 1087 1690 Apostolio
1106 1613 1231 1690 aliisque
1342 1675 1345 1682 ⁴

64 1702 333 1779 paroemiographis
353 1723 417 1762 cum
435 1703 544 1764 Suidae
559 1706 650 1780 copiis
665 1705 741 1765 bene
759 1705 934 1780 congruant,
954 1723 988 1762 ex
1006 1722 1084 1779 penu
1104 1702 1168 1762 eius
1183 1703 1231 1762 de·

64 1793 196 1867 prompta
225 1811 290 1851 esse
318 1785 482 1875 censeas.²)
538 1793 606 1870 Ipse
635 1795 713 1854 enim
743 1792 852 1852 Suidas
880 1793 990 1868 quippe
1018 1793 1067 1868 qui
1102 1796 1133 1852 et
1164 1812 1231 1868 pro·

64 1880 161 1939 verbis
184 1881 237 1940 illa
261 1881 507 1959 Pe.·Diogcniano
535 1885 655 1959 propria
682 1883 745 1942 fere
769 1882 868 1942 omnia
891 1882 1030 1941 exhibeat
1052 1885 1083 1940 et
1106 1882 1231 1941 eandem

64 1974 148 2044 atque
176 1971 243 2029 Zeu.
263 1970 329 2030 Par.
359 1976 390 2031 et
415 1972 501 2048 Dicg.
523 1971 608 2031 Vind.
636 1971 863 2048 proverbiorum
891 1973 922 2029 et
948 1970 1230 2045 interpretationum

64 2058 234 2135 plerumque
253 2061 398 2135 praebeat
415 2061 551 2137 formam,
570 2062 715 2136 expilasse
729 2061 849 2119 videtur
863 2059 993 2119 codicem
1008 2059 1230 2135 Ps-Diogenia·

63 2166 147 2205 neum
170 2149 350 2208 recensionis
371 2152 397 2209 A
418 2149 556 2224 similem,
580 2150 624 2210 ita
647 2154 682 2210 ut
700 2148 818 2225 saepius
843 2168 945 2225 aegre,
969 2167 1044 2224 quae
1068 2148 1230 2224 paroemio-

64 2237 175 2311 graphi,
194 2238 339 2312 imprimis
359 2237 532 2315 Apostolius
552 2242 584 2299 et
597 2239 754 2318 Macarius,
774 2258 809 2296 ex
827 2238 977 2314 Ps.·Dicg.
996 2238 1070 2313 ipso,
1095 2256 1171 2314 quae
1195 2257 1230 2296 ex

64 2324 151 2383 Suida
164 2325 327 2402 hauserint,
346 2327 512 2403 disceptare
531 2329 637 2403 possis.
670 2327 751 2397 Quae
771 2347 836 2387 cum
855 2327 899 2385 ita
918 2327 985 2402 sint,
1004 2325 1180 2403 priusquein
1198 2327 1231 2385 in

63 2414 259 2490 lexicographi
278 2415 359 2475 illius
379 2417 478 2492 copias
498 2418 701 2492 proverbiales
720 2417 889 2476 adcuratius
910 2416 967 2475 erit
984 2415 1173 2492 inquisitum,
1194 2436 1229 2475 ea

63 2504 122 2561 sola
141 2503 226 2563 nobis
246 2505 415 2564 adhibenda
434 2510 505 2565 sunt
527 2507 566 2566 ad
589 2509 737 2567 veriorem
760 2505 940 2566 recensionis
964 2505 1135 2564 Bformam
1159 2524 1230 2564 enu-

64 2593 212 2651 cleandum
226 2592 376 2668 Apostolii
389 2596 549 2670 proverbia
564 2600 594 2657 et
612 2597 888 2672 interpretamenta,
907 2613 984 2670 quae
1004 2597 1056 2652 aut
1075 2594 1142 2653 alite
1161 2613 1229 2669 par-

63 2682 277 2758 oemiographis
298 2702 333 2741 cx
352 2684 454 2744 eadem
473 2685 644 2746 recensione
658 2686 683 2744 B
698 2685 904 2761 pendentibus
924 2689 978 2743 aut
992 2683 1231 2756 Ps.·Diogeniani

64 2770 173 2846 volgati
191 2771 285 2847 ipsius
306 2772 472 2833 conditione
492 2776 725 2851 conprobantur,
743 2774 839 2833 velut:

146 2858 255 2920 D117
276 2864 308 2920 ct
333 2863 374 2921 18
403 2864 459 2921 sub
488 2883 547 2923 uuo
571 2866 711 2923 lemmate
736 2863 941 2939 coniungenda
965 2879 1034 2920 esse
1057 2861 1117 2918 iam
1141 2861 1232 2920 verba
1304 2885 1306 2890 ¹

64 2945 112 3007 ἐπὶ
130 2947 195 3007 τῶν
213 2943 336 3046 ducitur
360 2945 576 3034 significantl),
603 2953 683 3012 idem
711 2953 797 3012 docet
823 2951 928 3026 Apost.
947 2950 1043 3012 1115.
1064 2979 1105 2990 -
1125 2950 1231 3025 Apost.

132 3175 157 3242 1)
174 3171 301 3227 Nimium
320 3174 423 3230 multos
441 3175 594 3230 Finckhius
613 3174 803 3246 („ZeItschrift
815 3175 861 3227 hir
874 3173 920 3232 (lie
933 3173 1142 3229 Altertumsw.“
1162 3179 1230 3229 rste

64 3245 112 3298 col.
128 3250 180 3298 514
190 3246 245 3313 sq.)
265 3244 411 3313 Apostolio
430 3247 537 3300 tribuit.
575 3247 651 3313 Quae
674 3247 749 3302 enim
772 3247 869 3316 Apost.
896 3260 959 3298 cum
979 3245 1117 3301 Vaticano
1136 3246 1230 3302 Kram.

64 3317 90 3366 et
107 3315 188 3385 Greg.
209 3317 289 3385 Cypr.
309 3317 396 3372 habet
414 3318 581 3387 communia,
600 3336 655 3373 non
674 3335 708 3372 ex
726 3318 783 3372 illis
802 3320 868 3371 sunt
886 3317 993 3383 hausta,
1014 3317 1062 3370 scd
1083 3333 1116 3370 cx
1136 3317 1231 3372 codice

63 3385 196 3456 Ps-Diog.
217 3387 385 3442 recensionis
399 3389 421 3442 Β
441 3405 474 3442 ex
494 3405 549 3458 quc
564 3391 593 3444 et
607 3389 703 3460 Apost.
719 3392 748 3443 et
761 3388 804 3442 illi
818 3387 949 3457 pendent.
982 3388 1079 3456 Neque
1095 3388 1230 3458 exemplis

62 3456 224 3513 aFinckhio
244 3458 346 3513 adlatis
363 3476 397 3514 eo
411 3461 535 3516 adducor
548 3463 581 3515 ut
594 3461 705 3516 credam
720 3459 796 3513 band
808 3463 884 3514 recte
899 3458 1078 3512 Leutschium
1093 3460 1231 3514 iudicasse

63 3545 120 3582 cum
143 3529 262 3584 diceret:
291 3530 412 3585 caruisse
436 3530 613 3601 Apostolium
642 3531 770 3586 Zenobio.
809 3529 959 3598 Equidem,
986 3530 1041 3584 nisi
1066 3531 1231 3584 firmissimis

63 3599 200 3656 refutabor
212 3603 385 3670 argumentis
399 3602 576 3671 Apostolium
591 3605 702 3672 praeter
717 3601 840 3656 codicem
851 3598 990 3670 Pa-Diog.
1006 3601 1120 3670 volgato
1135 3603 1230 3656 melio-

64 3687 116 3725 rem
139 3673 248 3726 nullum
273 3672 408 3740 expilasse
426 3674 515 3728 nostri
533 3673 656 3743 corporis
676 3673 801 3742 Gotting.
820 3672 1102 3742 paroemiographum
1122 3689 1232 3742 semper

62 3759 219 3809 persuasum
238 3743 358 3798 habebo.

130 3817 157 3882 2)
178 3815 223 3868 Sic
242 3817 293 3883 Ap.
310 3814 391 3869 V129
411 3832 466 3870 non
481 3832 514 3869 ex
529 3813 616 3869 Suida
634 3815 722 3884 fluxit,
741 3817 773 3868 ut
791 3813 941 3870 Leutscbio
956 3814 1112 3881 videbatur,
1130 3815 1179 3868 scd
1198 3831 1232 3869 ex

63 3883 153 4007 epdice
178 3884 317 4009 Pp-Diolg.
355 3886 461 3941 Eadem
490 3888 564 3942 enlm
592 3886 629 3940 ad
655 3887 772 3941 verbum
796 3886 949 3940 Vaticanus
973 3886 998 3938 K
1013 3887 1038 3939 II
1053 3890 1088 3939 83
1106 3886 1231 3955 praebet.

62 3957 178 4011 c.Zen.
216 3958 362 4012 arlltt.

128 4031 154 4097 3)
174 4027 219 4081 Ad
242 4029 359 4083 eandem
382 4029 570 4084 coniecturam
594 4031 623 4082 te
647 4030 790 4084 deducunt
812 4028 899 4082 verba
921 4027 1060 4096 Ps.·Diog.
1081 4027 1119 4081 IV
1134 4033 1169 4082 86
1190 4028 1232 4082 ’Ec

63 4099 241 4168 Κυνὸεαργεε,
271 4100 312 4154 ’Ec
332 4100 446 4168 ἀνηλίου
465 4102 565 4155 πύλα(;
594 4102 637 4155 ἐπὶ
655 4107 716 4155 τῶν
735 4099 839 4166 ὁμοίων
858 4102 902 4153 καὶ
921 4100 1016 4163 cirrum
1040 4100 1232 4154 antecedentis
1346 4103 1348 4110 ⁴

63 4173 152 4224 autem
171 4171 312 4241 proverbii
326 4171 351 4225 D
366 4171 403 4225 IV
415 4176 449 4225 85
469 4173 526 4227 Ἐπ’
544 4175 611 4227 ὄνου
626 4174 713 4227 πόκας
732 4168 895 4240 explicatio:
915 4171 959 4224 tul
977 4175 1036 4224 τῶν
1056 4170 1093 4224 εἰ(
1106 4171 1231 4224 ἀδύνατα

62 4240 289 4308 ἀναβαλλομένων
308 4243 423 4296 adhaec
437 4243 586 4311 proverbia
599 4242 691 4298 minus
705 4244 771 4311 apte
786 4242 923 4296 convenit.
953 4241 1066 4296 Rectius
1081 4243 1132 4310 Ap.
1148 4241 1185 4294 VI
1197 4247 1231 4296 66

62 4327 121 4364 cum
140 4312 239 4368 Suida:
263 4314 306 4368 Εἰ(
326 4314 506 4382 Κυνόεαργεει
530 4316 636 4383 εἴρηται
659 4317 703 4369 ἐπὶ
722 4317 798 4381 ὕβρει
818 4317 861 4367 καί
880 4314 965 4381 ἀραῖς.
1000 4312 1048 4366 Sin
1066 4315 1161 4367 autern
1180 4330 1231 4382 pro

62 4383 149 4436 verbis
168 4386 214 4438 ἐπ’
233 4387 301 4438 ὄνου
318 4387 413 4440 πόκας.
434 4385 508 4456 apud
528 4386 667 4455 Aristoph.
687 4386 757 4440 Rau.
776 4403 802 4440 v.
819 4389 869 4438 186
888 4401 951 4437 cum
971 4383 1081 4450 Corneio,
1101 4383 1172 4449 aliis,
1191 4384 1229 4436 le-

62 4453 150 4523 gimns
160 4457 203 4510 ἐπ’
213 4459 315 4510 Ὄκνου
325 4459 429 4512 chordo
442 4474 554 4526 prorsus
564 4457 705 4527 Ps.·Dicg.
721 4455 871 4526 explicatio
882 4455 957 4509 omni
967 4455 1021 4510 fide
1036 4455 1228 4510 estdestituta.

600 4702 611 4731 Ι
