2936 4996
415 264 598 332 Quaestionoc
617 263 956 332 Pseudo-Diogenionece.
1206 261 1271 326 383

196 426 364 496 Hesychius.
482 423 486 495 ί
595 423 772 480 Bodleicnus.
880 424 884 528 1
1022 420 1147 476 Photius.

5 553 6 564 ¹
91 553 154 590 των
168 538 187 602 ἢ
202 534 471 601 ἀποτυγχανόντων·
498 534 528 586 ἐν
555 539 614 586 τοῖς
646 532 871 600 Μυρμηκανθρώ-
898 532 968 598 πρὸς
981 533 1033 598 τὴν
1047 531 1171 585 παιδιάν·
1191 530 1273 596 διχῶς

92 605 181 670 πάλαι
192 616 247 682 γὰρ
256 617 340 682 τριτλν
348 615 472 680 ἐχρῶντο
498 630 567 667 ποις.
588 615 677 667 Κεῑται
692 611 743 683 δὲ)
758 613 802 665 ἐπί
813 617 871 665 τῶν
900 613 930 664 δὲ
944 611 1051 676 λέγεται
1066 610 1274 678 ύάναῤῥιπτού-

92 697 166 764 πρὸς
183 695 235 749 τὰς
248 695 357 751 παιδιάς
372 695 471 762 κύβοις,
516 692 853 764 <άπο->κινδυνευάντων.
900 707 981 758 μενος
999 693 1044 744 καί
1063 691 1139 745 ἰδίω(
1157 693 1172 743 ὁ
1187 691 1273 744 κενός,

5 791 6 820 fi
93 779 142 830 καί
161 777 222 841 οὐχ,
242 773 392 840 ιίιςοὶνύν,
413 775 471 827 δύο·
500 774 542 826 Τὸ
571 773 620 838 μὲν
642 770 737 844 (γὰρ)
760 774 819 839 τρίς
845 772 872 826 ἓξ

93 858 152 911 ἔςτι
172 857 202 910 δὲ
222 853 374 922 ὁμωνυμία.
498 856 552 920 τήν
562 856 683 918 παντελῆ
699 855 777 919 δηλοῖ
785 850 873 918 νίκην,

499 933 532 986 τὸ
558 934 591 1000 δὲ
618 938 691 999 τρεῖς
717 933 793 997 κύβοι
821 935 874 998 τήν

499 1013 595 1078 ἧτταν.
611 1013 619 1080 Η
632 1013 725 1066 Πάλαι
746 1013 800 1078 γάρ
819 1029 874 1078 τρι·

500 1095 541 1146 εἰν
574 1093 698 1159 ἐχρῶντο
722 1093 799 1159 ’πρὸς
825 1092 876 1145 τὰς

499 1173 610 1226 παιδιάς
653 1173 747 1237 κύβοις
789 1171 875 1241 (καί)

494 1253 552 1318 ,οὐχ
571 1254 609 1306 ιίις
626 1257 679 1306 νύν
698 1252 757 1304 δύο.
783 1250 875 1321 <Ἔςτι

500 1334 531 1386 δὲ
545 1332 703 1399 ὁμωνυμία·
713 1332 808 1409 κύβον
822 1332 876 1399 γὰρ

500 1414 597 1477 ἔλεγον
621 1411 697 1466 ἰδίως
720 1411 807 1464 αύτὸν
825 1412 876 1464 τὸν

500 1493 697 1560 ῥιπτούμενον,
733 1492 781 1545 ὅτε
810 1491 876 1558 πλή-

500 1587 550 1640 ρης
567 1574 622 1627 ἐςτί
640 1574 683 1625 καί
703 1571 761 1643 μή>
784 1571 792 1638 ll
805 1572 878 1624 Τούς

501 1654 531 1705 δὲ
554 1653 702 1706 τοιούτους
727 1652 828 1717 κύβους
851 1650 877 1704 οἱ

389 1727 390 1730 ’
500 1733 591 1786 Ἴωνες
610 1733 686 1786 οἴνας
704 1733 812 1798 λέγοντι
835 1729 877 1804 <Ρ

500 1812 572 1864 Τοὺς
595 1813 625 1864 δὲ
649 1815 707 1878 κυβ.
733 1814 799 1865 τούς
821 1828 877 1864 τοι-

501 1892 560 1944 ούτ.
572 1890 598 1944 οί
607 1892 630 1944 Ἰ.
638 1894 764 1945 καλούςιν
774 1890 877 1962 Οἴνας)

501 1972 546 2023 καί
559 1973 613 2037 τῆν
626 1971 775 2038 παροιμίαν
787 1972 878 2024 ούτως

501 2050 676 2118 ἐκφέρουςιν,
704 2053 721 2118 ἧ
750 2057 824 2118 τρεῖς
849 2051 877 2104 ἓξ

500 2133 517 2198 ἢ
537 2135 610 2198 τρεῖς
624 2130 701 2184 οἴνας
719 2128 763 2202 <P
773 2128 892 2202 oivo1>.l

191 2245 340 2306 Ultimum
376 2244 567 2320 proverbium
600 2263 618 2302 c
645 2245 774 2304 Zenobio
807 2245 881 2303 Mill.
901 2244 931 2303 II
952 2247 991 2304 29
1026 2244 1068 2304 sic
1097 2245 1275 2321 explicatur:

101 2334 209 2397 Κεῑται
228 2331 248 2410 ἡ
267 2329 420 2409 παροιμία
445 2329 532 2407 παρὰ
550 2327 744 2408 Φερεκράτει
766 2331 802 2394 ἐν
822 2329 1153 2408 Μυρμηκανθρώποις·
1175 2335 1275 2395 κεῖται

101 2423 138 2484 δὲ
159 2420 212 2484 ἐπὶ
226 2423 291 2483 τῶν
306 2417 566 2483 κινδυνευόντων.
596 2418 641 2482 Τὸ
660 2420 718 2498 μὲν
732 2419 793 2497 γὰρ
811 2419 877 2497 τρὶς
896 2420 929 2484 ἓξ
948 2421 1042 2495 δηλοῖ
1059 2421 1117 2497 τὴν
1133 2423 1275 2500 παντελῆ

101 2510 192 2587 νίκην
210 2509 249 2572 τὸ
268 2510 303 2571 δὲ
322 2511 406 2585 τρεῖς
421 2507 510 2586 κύβοι
523 2509 581 2584 τὴν
595 2505 703 2586 ἧτταν.
735 2509 818 2572 Τοὺς
837 2509 872 2571 δὲ
892 2507 1006 2586 κύβους
1021 2508 1096 2571 τούς
1110 2509 1276 2573 τοιούτους

102 2598 134 2662 oi
149 2597 256 2662 Ἴωνες
279 2599 427 2660 καλοῦςιν
447 2595 537 2662 οἴνας
556 2596 606 2658 καὶ
626 2598 683 2674 τὴν
702 2596 873 2674 παροιμίαν
892 2596 995 2659 ούτως
1010 2596 1212 2675 ἐκφέρουςιν·
1235 2598 1275 2663 Ἣ

101 2687 170 2765 τρὶς
189 2689 222 2753 ἓξ
241 2688 260 2765 ἢ
278 2689 363 2765 τρεῖς
377 2684 487 2748 οἴνας·
507 2689 538 2748 Is
552 2689 654 2765 igitur,
673 2689 725 2766 qui
739 2689 872 2749 codicum
888 2691 1077 2766 vulgatorum
1092 2691 1276 2768 archetypum

102 2780 273 2856 composuit
290 2779 419 2855 primum
440 2797 534 2854 usquc
553 2775 591 2836 cd
610 2775 668 2852 τὴν
686 2773 785 2852 ἧτταν
804 2778 966 2837 Zenobium
986 2779 1150 2856 exscripsit,
1170 2779 1276 2839 deinde

102 2871 142 2930 ab
157 2864 264 2929 Πάλαι
283 2864 344 2941 γὰρ
358 2885 453 2943 usquc
471 2868 510 2925 cd
525 2861 580 2926 ὅτε
599 2864 721 2941 πλήρης
740 2863 803 2927 ἐςτὶ
818 2863 922 2942 καὶμὴ
939 2866 1191 2946 lexicographum,
1210 2873 1273 2928 tum

104 2977 123 3018 a
136 2955 219 3017 Τοὺς
234 2954 269 3015 δὲ
285 2952 455 3031 κύβους-
471 2950 562 3015 οἴνας
578 2955 689 3015 iterum
699 2955 871 3015 Zenobiam.
896 2955 1067 3032 Sequuntur
1080 2956 1146 3015 inB
1162 2960 1274 3033 septem

103 3047 263 3123 proverbia
286 3045 468 3124 Zenobiam,
497 3064 623 3122 quorum
650 3045 767 3104 nullum
795 3048 894 3105 exstat
919 3045 951 3104 iu
984 3039 1174 3126 Hesychio.¹)
1219 3047 1277 3106 Sed

103 3136 212 3196 ultima
230 3135 319 3194 liuius
338 3135 457 3215 littorco
476 3134 635 3209 proverbio
653 3133 762 3202 iterum
782 3153 817 3192 ox
837 3134 931 3194 lexico
951 3139 1022 3194 suut
1040 3135 1228 3210 interpolata.

141 3252 235 3306 3488.
273 3251 347 3319 ‘tou
369 3251 419 3305 τὸν
437 3251 505 3316 ἧλον
524 3252 660 3318 ἐκκρούει·
753 3247 871 3304 Photiuc
889 3251 971 3319 1259,
987 3254 1011 3306 ὃ.
1045 3252 1119 3321 Ἥλιμ
1138 3254 1189 3306 τὸν
1208 3255 1277 3321 ἧλον

106 3331 203 3399 Ὁμοία
215 3336 250 3400 τῇ
258 3331 406 3384 Πύτταλος
415 3331 552 3399 ἐξέκρουςι
560 3333 663 3386 πάττα-
717 3332 867 3399 ἐκκρούεις·
892 3331 954 3384 ἀντί
975 3335 1027 3383 τού
1051 3323 1226 3399 ἁμαρτήματι
1243 3336 1277 3388 τὸ

103 3417 167 3467 λον·
191 3412 235 3464 ἐπί
257 3415 316 3464 τῶν
334 3411 509 3478 ἁμαρτήματι
526 3413 560 3466 τὸ
579 3412 664 3478 ἁμάρ-
717 3412 865 3479 ἁμάρτημα
884 3411 1006 3465 τπεύδεις
1024 3411 1151 3468 ἐξελάςαι.

104 3509 180 3560 τημα
203 3491 352 3546 ἐξιάςαςθαι
378 3493 566 3560 ςπευδόντων,
595 3493 662 3559 ὅπερ
726 3490 783 3544 ’in
801 3490 941 3560 Hesycbio
961 3489 1049 3546 deest.

105 3574 158 3640 ούχ
178 3571 239 3625 οἷόν
256 3587 296 3626 τε.

141 3679 235 3734 3489.
271 3679 336 3732 'llo’
354 3679 397 3732 ὅς·
415 3668 666 3745 Τίθεταιήλέέις
754 3675 1012 3744 Plotiuslccc,1.
1048 3679 1083 3731 Ἠ
1103 3680 1133 3732 δ’
1152 3680 1195 3734 ὅς’
1216 3681 1277 3735 άντί

105 3762 149 3814 ἐπὶ
174 3759 298 3826 πλήθους
320 3761 365 3812 καί
392 3759 436 3812 ἐπί
459 3762 585 3826 θηλειῶν.
623 3759 663 3811 Ού
717 3764 768 3812 τού
787 3759 843 3826 ἔφη
863 3759 893 3812 δὲ
911 3759 994 3812 οὗτος
1008 3760 1052 3813 καί
1067 3760 1128 3813 ἀντὶ
1141 3765 1193 3814 τού
1207 3762 1276 3829 ἔφη·

106 3841 192 3907 μόνον
220 3840 250 3892 δὲ
274 3838 335 3892 ἀντί
357 3844 408 3892 τού
432 3839 497 3906 ἔφη,
525 3839 594 3892 ἀλλὰ
620 3840 665 3892 καί
717 3840 847 3893 τάττεται
870 3840 915 3892 καί
934 3839 981 3892 ἐπ’
1005 3838 1106 3906 ἀνδρὸς
1123 3843 1167 3893 καλ
1185 3857 1278 3905 γυναι-

106 3921 168 3974 άντλ
186 3923 238 3972 τού
271 3919 388 3986 ἔφαςαν,
416 3920 482 3972 otc
502 3919 609 3987 Κράτης
628 3922 664 3986 μή
718 3919 777 3987 κὸς,
797 3921 841 3972 καί
861 3919 922 3973 ἀντί
940 3923 992 3973 τού
1011 3917 1129 3986 ἔφαςαν·
1153 3922 1197 3974 καί
1217 3922 1278 3975 ἀντὶ

106 4000 232 4053 δαςύνειν
250 3999 321 4061 λέγει
339 3999 372 4052 τὸ
391 3998 429 4052 ὅς.
717 4003 769 4052 τού
789 3998 812 4051 ιλι
832 3997 906 4066 φίλε·
929 4003 1016 4052 τούτο
1035 3999 1126 4067 Χάρης
1144 4000 1193 4066 μέν
1212 4017 1278 4068 φηςι

108 4109 321 4118 ..-—-..---

180 4161 205 4223 1)
224 4156 341 4210 Photius
359 4157 415 4211 duo
433 4157 582 4226 proverbia
600 4158 673 4213 hanc
691 4156 791 4212 seriem
805 4157 835 4213 in
853 4157 916 4213 Por.
931 4158 961 4211 ct
972 4156 1112 4229 Ps.·Diog.
1132 4160 1277 4228 sequentia

107 4230 234 4284 exhibet:
252 4226 321 4282 PlV
332 4233 366 4281 24
381 4253 414 4272 =
430 4226 514 4284 DVt
540 4231 569 4283 Ἡ
589 4231 694 4285 Φανίου
713 4232 785 4295 θύρα
807 4229 887 4282 Phot.
903 4227 916 4280 Ι
930 4235 998 4297 270,
1017 4231 1046 4285 ct
1063 4227 1149 4284 DV6
1169 4234 1186 4298 ἡ
1205 4231 1277 4299 Περ-

107 4301 172 4368 γαία
187 4301 314 4367 Ἄρτεμις
327 4297 408 4354 Phot.
420 4298 436 4350 ΙΙ
450 4305 511 4368 265,
527 4305 542 4354 ὅ
558 4301 663 4356 eisdem
679 4299 913 4369 explicationibus
928 4305 1034 4355 ornata.
1054 4299 1109 4364 Sed
1123 4304 1279 4370 paroemio-

109 4369 211 4442 grcphi
225 4387 282 4425 non
297 4369 526 4494 logicossgrophum
541 4372 591 4426 sed
600 4372 749 4428 Zenobium
765 4369 794 4424 M
804 4370 829 4424 ll
843 4377 874 4426 16
890 4374 935 4442 (=
950 4371 1000 4428 DV
1012 4372 1093 4442 1184)
1108 4374 1137 4426 ct
1151 4373 1179 4426 M
1190 4372 1214 4427 ll
1228 4379 1277 4428 106

109 4442 197 4498 secuti
216 4457 276 4496 cose
296 4441 323 4496 vi
344 4459 379 4497 cn
394 4458 432 4498 ur.
