2936 4996
376 257 559 326 Quaestiones
577 255 913 328 Pseudo-Diogeaianeae.
1167 256 1232 320 357

58 446 75 484 a
95 426 222 502 reliquis
236 425 511 502 paroemiogiaphis
526 443 585 484 non
600 443 689 484 sensu
704 427 754 484 sed
771 425 867 484 forma
880 425 1111 501 explicationum
1124 425 1233 486 mirum

57 516 87 573 in
107 516 230 575 modum
256 515 369 589 differt,
395 534 461 574 cum
486 515 642 590 archetypi
664 515 758 598 verba
781 533 834 574 suo
858 515 955 574 Marte
978 519 1094 574 mutare
1113 517 1144 576 et
1167 534 1234 574 con-

57 606 180 664 trahere
208 623 266 663 non
295 604 493 677 dubitaverit,
524 604 679 673 inunum
710 623 815 680 agens,
844 608 878 663 ut
906 604 1116 679 explicationes
1145 623 1233 680 quam

58 695 187 754 maxime
216 693 447 754 circumcideret.
484 693 566 762 Quae
593 693 686 770 igitur
713 693 873 770 proverbia
897 713 951 769 per
974 713 1005 752 se
1025 695 1183 769 perspicua
1207 693 1235 751 ei

58 784 251 855 videbantur,
275 778 395 843 omniuo
413 802 473 842 non
499 782 684 859 explanavit,
709 781 804 858 δήλη,
828 777 973 858 φανερόν
997 783 1106 842 similia
1125 782 1234 842 substi-

58 877 148 931 tuens
167 872 252 931 velut
269 872 351 950 121,
372 874 423 950 27,
444 875 494 946 39,
515 874 566 947 49,
582 873 599 930 7
604 874 633 947 4,
650 873 700 943 94,
717 874 757 932 98
773 874 841 948 etc.;
863 871 1036 947 saepissime
1051 891 1120 930 vero
1134 872 1234 931 arche-

59 962 125 1038 typi
140 959 369 1036 explicationem
384 961 532 1020 contraxit
546 959 694 1036 sagaciter
708 962 893 1038 plerumque,
907 961 1056 1020 interdum
1067 960 1235 1034 debilitans,

59 1069 135 1126 quae
155 1049 219 1125 ipsc
239 1069 275 1108 ex
294 1049 340 1109 hia
360 1068 519 1126 cognosces
539 1048 696 1123 exemplis:

92 1150 160 1204 Zen.
174 1149 236 1205 Par.
251 1150 315 1203 128.
339 1150 475 1217 Ἀδακρυς
488 1150 619 1215 πόλεμος
710 1147 780 1203 Mac.
796 1148 862 1202 125.
885 1151 1022 1216 Ἄδακρυς
1040 1151 1171 1215 πόλεμος·
1191 1149 1235 1202 ἐπί

93 1231 139 1284 ἐπὶ
162 1235 221 1284 τῶν
247 1230 309 1285 ἔξω
333 1232 492 1284 κινδύνου
516 1230 621 1283 παντὸς
674 1233 733 1282 τῶν
752 1229 938 1284 ἀκινδύνως
955 1231 991 1284 τά
1009 1231 1158 1298 πράγματα
1178 1245 1232 1282 κα-

59 1313 144 1379 ῥᾷςτα
163 1312 195 1364 δὲ
213 1313 257 1363 καί
276 1312 346 1377 παρ’
367 1310 463 1364 ἐλπίδα
481 1311 516 1364 τά
534 1310 620 1378 πράγ-
675 1311 902 1377 πορθούντων.

60 1407 132 1456 ματα
150 1392 426 1455 κατορθούντων.

93 1498 158 1552 Ζειι.
173 1495 234 1552 Par.
251 1495 316 1549 129.
347 1497 484 1551 Ἀδύνατα
503 1501 601 1564 Θηρᾷς·
711 1495 779 1548 Mac
797 1495 861 1548 126.
900 1497 1037 1551 Ἀδύνατα
1056 1501 1155 1568 θηρᾷς·

93 1579 138 1631 ἐπί
170 1581 222 1632 τού
251 1578 478 1644 ἐγχειροῦντος
505 1575 621 1642 pellecta
709 1576 755 1628 ἐπί
781 1580 840 1628 των
867 1582 926 1629 τοῖς
951 1577 1099 1632 ἀδυνάτοις
1124 1579 1237 1645 ἐπιχει-

59 1661 75 1724 ll
94 1658 157 1711 καθ’
176 1658 287 1711 ἑαυτὸν.
675 1657 827 1722 ρούντων.

95 1763 160 1818 Zen.
177 1763 237 1816 Par.
252 1761 332 1818 1113.
370 1763 424 1816 Ἀεὶ
442 1763 568 1830 γεωργὸς
584 1761 622 1816 είς
711 1760 783 1814 Mac.
799 1762 863 1814 134.
884 1763 938 1816 Ἀεὶ
955 1765 1080 1831 γεωργὸς
1095 1763 1132 1818 είς
1146 1766 1238 1819 νέωτα
1264 1761 1267 1768 ’

59 1845 152 1897 νέωτα
178 1844 318 1898 πλούςιος·
353 1843 396 1896 ἐπί
423 1849 482 1896 τῶν
510 1839 622 1896 ἐλπίδι
675 1844 814 1896 πλούςιος·
844 1843 887 1895 ἐπὶ
913 1847 970 1896 τῶν
995 1844 1024 1897 ἐν
1048 1851 1109 1898 ταῖς
1131 1845 1237 1899 ἐλπίςι

61 1927 107 1989 μὲν
131 1925 175 1978 ἀεὶ
198 1923 380 1990 τρεφομένων
404 1923 623 1977 ἀπαλλάττεςθαι
676 1923 871 1989 καυχωμένων.

59 2009 116 2058 τῶν
141 2005 254 2071 δεινῶν,
282 2009 340 2056 τοῖς
367 2004 462 2056 αὐτοῖς
485 2005 515 2057 δὲ
540 2004 622 2058 πάλιν

60 2084 293 2151 περιπιπτόντων.

95 2189 228 2244 1111Ι66.
263 2189 357 2243 Ἀετὸν
377 2190 514 2260 κάνθαρος
533 2191 623 2257 μαιεύ-
712 2187 783 2251 Mac.
799 2189 863 2242 136.
904 2189 999 2243 Ἀετὸν
1023 2191 1160 2257 κάνθαρος
1179 2209 1237 2257 μαι-

62 2288 131 2325 εται·
161 2271 197 2324 τά
221 2271 275 2337 γὰρ
304 2270 347 2323 ὠὰ
369 2275 420 2323 rot
445 2271 528 2326 ἀετοῦ
552 2271 623 2338 άφα-
678 2271 801 2335 εύςομαι·
825 2269 869 2322 ἐπί
891 2275 950 2322 τῶν
973 2272 1238 2337 τιμωρουμένων

61 2352 179 2407 νίζαυςιν
201 2350 227 2404 οἱ
246 2351 392 2417 κάνθαροι,
416 2352 475 2403 ἐπεὶ
498 2351 524 2403 οἱ
547 2351 624 2404 ἀετοί
677 2352 744 2404 τοὺς
762 2352 905 2417 ἄρξαντας.

61 2434 126 2484 τοὺς
150 2431 306 2498 κανθάρους
329 2430 499 2495 άναλέγουςι.
549 2431 624 2497 Είλη-

61 2528 126 2564 πται
156 2513 175 2577 ἡ
203 2510 336 2576 παροιμία
365 2511 408 2564 ἐπί
435 2515 493 2564 τῶν
520 2528 625 2578 περιπι-

62 2593 192 2645 πτόντων
211 2596 270 2645 τοῖς
285 2591 354 2658 παρ’
374 2591 468 2644 αὐτῶν
479 2592 625 2658 άδικηθέίςι

66 2674 109 2724 καί
130 2673 197 2726 κατ’
216 2669 294 2725 ἀξίαν
313 2673 588 2739 τιμωρουμένων.

99 2776 230 2832 Dvlaa.
273 2777 319 2832 Αἴξ
339 2778 452 2845 (κυρίαΙ
473 2779 626 2846 Χρύςιππάτ
714 2774 866 2831 Maeltss.
904 2775 1087 2843 Αίξ(κυρία’
1112 2777 1237 2830 ἐπὶτῶν

66 2875 148 2925 φηςιν
176 2858 221 2910 ἐπὶ
248 2861 307 2911 των
335 2858 385 2912 τὰς
409 2860 523 2926 χάριτα(
550 2860 626 2912 άνα-
679 2856 942 2923 ἀνατρεπόντων
960 2855 1192 2923 τάςεύεργεςίας·
1212 2857 1240 2908 αἱ

64 2939 262 3004 τρεπόντων
290 2939 421 3005 τετάχθαι
448 2941 501 3005 τὴν
532 2956 627 3006 παροι-
678 2937 731 3002 γὰρ
750 2935 942 3001 κατά(κύρον
959 2936 1035 2999 αἶγες
1052 2939 1136 2989 πολὺ
1155 2938 1240 3000 γάλα

65 3019 142 3086 μίαν,
170 3019 264 3084 ἐπειδὴ
288 3019 418 3071 πολλάκις
442 3018 483 3072 τά
509 3019 627 3083 άγγεῑα
680 3016 810 3084 άφιείςαι,
851 3017 913 3068 εἶτα
954 3016 1160 3082 άνατρέπουςι
1201 3015 1239 3068 τὸ

65 3099 284 3165 ἀνατρέπειὴ
314 3097 364 3150 αίξ.
392 3099 468 3150 ἄλλοι
491 3098 521 3151 δέ
545 3114 627 3166 φαςιν
680 3097 828 3161 ἀγγεῖον.

66 3180 110 3231 ἐπὶ
129 3183 187 3231 τῶν
205 3177 383 3244 άνηςιφόρων
399 3177 521 3241 λέγεςθαι
536 3179 627 3233 διὰτὸ

64 3260 149 3312 πολὺ
168 3260 253 3322 γάλα
272 3257 367 3324 φέρειν
385 3257 436 3310 τὰς
454 3257 568 3325 (κυρίας
586 3259 627 3310 αῖ-

64 3355 129 3402 γας·
148 3339 260 3403 ἄμεινον
280 3338 310 3390 δὲ
328 3338 362 3390 τὸ
380 3341 502 3404 πρῶτον.

102 3443 232 3497 Dvlaa.
281 3442 410 3510 Ἀκίνητα
438 3449 532 3497 rivet·
556 3445 626 3498 καθ’
716 3441 786 3496 Mac.
802 3441 867 3495 166,
905 3440 1034 3506 Ἀκίνητα
1052 3444 1148 3493 κινεῖν·
1168 3440 1241 3493 καθ’

66 3525 273 3591 ὑπερβολήν,
300 3523 342 3576 ὅτι
367 3525 402 3589 μή
423 3525 463 3576 δεῖ
482 3529 565 3576 κινεῖν
588 3526 625 3591 μή
680 3522 882 3589 ὑπερβολήν
909 3522 951 3574 ὅτι
982 3521 1015 3572 ού
1047 3521 1087 3573 δεῖ
1110 3521 1150 3573 τά
1174 3522 1241 3587 ὁρι-

67 3606 188 3671 βωμούς,
208 3606 244 3670 μὴ
264 3602 388 3670 τάφους,
408 3605 444 3670 μή
464 3604 573 3670 ὅρους.
679 3604 799 3658 ςθέντα
817 3599 1002 3667 παραβαίνειν.

156 3717 262 3793 Neque
276 3719 376 3776 tamen
392 3717 429 3776 de
443 3719 525 3778 fonto
540 3718 644 3776 harum
661 3716 890 3794 explicationem
905 3715 1058 3791 ambigere
1073 3734 1241 3790 possumne,

72 3825 140 3865 nam
169 3807 355 3882 singulorum
384 3808 543 3868 verborum
569 3826 729 3867 consensus
757 3825 874 3866 omnem
906 3805 988 3864 tollit
1016 3803 1242 3863 dubitationem.

68 3897 298 3972 Nonnumquam
317 3903 387 3956 vero
408 3897 480 3956 Mac.
500 3916 567 3956 cum
587 3897 654 3956 Zen.
670 3897 735 3956 Par.
760 3897 835 3954 bene
861 3893 1021 3970 consentit,
1045 3893 1100 3951 DV
1119 3912 1187 3952 oum
1204 3893 1241 3965 D,

67 3987 152 4044 velut
169 3985 243 4044 Mae.
258 3984 272 4042 l
290 3986 319 4060 8,
336 3987 386 4058 10,
403 3989 441 4046 13
463 4011 505 4034 ·--
526 3986 593 4044 Zen.
608 3984 633 4043 P
648 3985 662 4043 Ι
680 3989 708 4062 9,
726 3988 774 4056 10,
793 3987 846 4042 11:
869 3983 901 4041 in
929 3981 1240 4040 DV18=·D110

67 4075 125 4133 snb
143 4093 200 4134 uno
219 4075 360 4134 lemmate
376 4075 541 4136 coniuncta.
561 4107 602 4114 -
622 4074 696 4134 Mac.
711 4075 790 4133 1116
808 4098 847 4119 =
865 4073 932 4131 Zen.
948 4071 971 4128 P
986 4070 1044 4128 111
1067 4065 1241 4144 Ἀνθρακες

69 4158 88 4220 ὁ
109 4159 262 4237 6ηςαυρὸς
291 4160 477 4238 πέφυκεν,
502 4163 638 4222 1111159
656 4188 696 4210 =
712 4163 739 4220 D
754 4163 822 4221 190
845 4155 1019 4234 Ἄνθρακες
1037 4153 1056 4217 δ
1077 4153 1241 4233 θηςαυρός.

70 4284 110 4292 -
132 4253 204 4312 Mac.
220 4251 295 4310 1114
313 4277 354 4299 =
372 4251 440 4312 Zen.
456 4254 479 4311 P
494 4253 576 4312 1196
597 4247 649 4311 ἐπὶ
671 4251 739 4311 τῶν
758 4243 838 4323 παρ’
857 4245 945 4323 ὥραν
964 4264 992 4306 τι
1012 4247 1240 4321 διαπραττο-

68 4338 203 4416 μένων,
227 4341 283 4398 DV
298 4341 379 4399 1111
400 4367 440 4388 =
457 4342 483 4400 D
498 4341 596 4402 11176
617 4337 845 4400 ποιούντων.
874 4369 911 4378 -
936 4337 1010 4395 Mac.
1031 4336 1098 4395 163
1116 4361 1157 4382 -·
1173 4337 1241 4394 Zen.

70 4431 93 4488 P
115 4429 182 4490 149
208 4424 490 4504 Ἀκαρπότερος
519 4425 563 4509 (εἶ
580 4422 619 4511 Ρ)
647 4424 819 4491 Ἀδώνιδος
843 4425 945 4502 κήπου
968 4418 1095 4506 (κήπων
1114 4417 1166 4506 Ρ)·
1191 4422 1243 4484 ἐπὶ

784 4563 787 4572 ·
975 4526 1029 4578 24*
