2936 4996
601 267 757 323 Fridericus
776 268 965 322 Brachmann:

809 431 853 482 καί
873 429 1021 494 Κριτόλαος
1039 427 1173 495 ςημαίνει,
1202 427 1376 493 διελέγχεται

809 511 838 563 δ’
856 509 911 564 ὑπὸ
933 508 1078 562 πλειόνων.
1115 507 1150 562 cf.
1169 506 1251 562 Phot.
1272 512 1374 574 254‚8.

808 587 930 657 Hesych.
950 587 1053 642 omisit.
1306 615 1308 620 ·
1335 583 1341 600 ¹

230 703 291 752 490.
345 698 428 752 Ἤτοι
456 697 601 763 ςύνδεςμος
631 696 754 751 ίςοδυνα-
843 693 1023 760 Hes.11294‚
1040 699 1082 748 δύ.
1133 697 1197 761 ἤτοι
1224 697 1376 762 ςύνδεςμος

195 783 255 843 μῶν
280 784 322 848 τῷ
350 778 393 831 δέ·
426 778 505 831 Ἤτοι
523 779 571 842 ὅγ’
589 779 628 830 ὼς
654 776 754 830 είπών·
808 775 981 840 ίςοδυναμιύν
1012 781 1054 844 τῷ
1087 776 1116 829 δέ
1152 777 1225 830 τινές
1259 777 1290 829 δέ
1326 777 1375 828 καὶ

194 858 316 926 Ὅμηρος
335 859 368 910 ού
388 859 582 912 διαζευκτικάις
594 857 671 922 αὐτῷ
690 859 755 922 χρῆ·
809 855 871 908 ἀντί
888 859 940 908 τού
959 847 1015 921 μῖν
1027 859 1156 922 χρῶνται.
1202 855 1277 925 apud
1296 853 1376 909 Pho-

193 955 251 992 ται·
270 939 348 992 Τινές
366 938 397 990 δὲ
411 940 455 991 καί
474 937 536 991 ἀντὶ
548 942 599 998 τοι)
614 928 674 1002 fv.
808 932 879 989 tium
898 933 984 988 deest.

655 1103 717 1164 Sub
736 1105 753 1163 θ
773 1101 905 1163 exhibet:

300 1221 469 1290 Hesychius
694 1217 870 1274 Bodleianus.
1121 1217 1245 1272 Ρίιοδίατ.

230 1329 255 1382 Π
279 1335 339 1396 300,
363 1335 406 1382 92.
448 1327 569 1394 Θάμυρις
632 1331 692 1380 491.
734 1328 855 1394 Θάμυρις
880 1325 970 1393 μαίνε-
1034 1323 1169 1379 αΡίιοίία
1189 1323 1331 1380 omissum.

194 1409 329 1477 μαίνεται·
361 1407 493 1476 παροιμία
525 1408 569 1462 έπί
595 1423 653 1460 τοι·
673 1408 717 1460 έπί
734 1412 794 1462 τῶν
812 1407 884 1461 κατὰ
898 1410 970 1461 ςύνε-

193 1496 253 1545 τῶν
271 1491 341 1544 κατὰ
361 1491 463 1543 ςύνεςιν
483 1489 569 1555 παρά·
596 1503 635 1540 ςιν
649 1488 795 1554 παράλογα
809 1489 970 1541 δοκούντων

194 1571 279 1635 λογδν
297 1587 323 1623 τι
341 1570 532 1637 πραττόντων.
594 1567 734 1634 πράττειν.

230 1677 380 1744 11302,3ss.
422 1677 567 1743 Θάττονῆ
629 1667 691 1727 '492
712 1672 832 1729 P1v28.
860 1675 969 1729 Θᾶττον
1033 1674 1151 1740 12⁷4‚2.
1175 1675 1206 1726 Θ.
1225 1676 1242 1741 ἢ
1263 1674 1292 1727 Β.
1311 1673 1378 1727 αῖον

196 1758 315 1824 Βούτης·
357 1755 489 1823 παροιμία
525 1757 569 1810 έπί
595 1756 612 1821 ἢ
634 1755 747 1822 Βούτης.
784 1756 848 1809 Τῶν
872 1756 915 1809 ἐπί
933 1761 968 1826 τῇ
1015 1754 1222 1821 κατεςκευάςθη.
1257 1751 1360 1807 Μίκων

194 1841 304 1891 τῶν...
330 1836 359 1889 έν
380 1841 415 1906 τῇ
436 1841 502 1904 ςτοᾷ
521 1852 569 1902 μα-
596 1839 662 1902 ςτοᾷ
686 1836 850 1901 μαχομένων
872 1853 914 1890 τις
934 1837 969 1903 ῆν
997 1835 1050 1902 γάρ
1070 1835 1085 1887 ὁ
1104 1834 1254 1901 ζωγράφος
1267 1834 1378 1901 δφθαλ-

196 1917 323 1983 χομένων
344 1933 385 1970 τις
403 1919 447 1984 ἠν,
467 1918 490 1986 ᾧ
509 1916 569 1970 έπε-
596 1915 619 1983 ᾧ
645 1915 835 1983 ἐπεγέγραπτο
855 1917 969 1982 Βούτης,
998 1916 1050 1980 μὸν
1073 1915 1188 1981 ποιήςας
1208 1915 1253 1966 καί
1272 1913 1378 1980 κράνος

212 1996 352 2063 γέγραπτο
391 1998 549 2064 Βούτης...
596 1993 728 2060 ἐφαίνετο
762 1996 791 2048 δ’
814 1997 901 2050 αὐτού
927 1995 969 2066 <P
996 1994 1379 2062 περιφαινόμενονέπέγραψε

194 2077 323 2130 Τάςςεται
342 2078 392 2130 ούν
406 2079 423 2143 ἡ
438 2076 569 2144 παροιμία
597 2075 630 2128 ού
659 2073 772 2148 έφαίν.>
803 2077 837 2130 τὸ
869 2077 971 2144 κράνος
1000 2076 1113 2142 Βούτης.

195 2156 239 2209 έπί
265 2161 324 2209 των
351 2156 454 2224 ῥαδίως
479 2173 569 2210 ςυντε-
597 2157 642 2209 καί
665 2157 681 2208 δ
704 2157 861 2225 ὀφθαλμὸς,
884 2157 920 2209 τά
941 2157 971 2209 δέ

194 2236 349 2301 λουμένων·
387 2237 432 2290 καί
463 2237 517 2303 γάρ
554 2238 569 2290 δ
597 2236 679 2289 λοιπά
707 2236 776 2304 μέρη
801 2237 891 2290 έδδκει
916 2237 971 2289 ὑπὸ

196 2316 302 2383 Βούτης
347 2315 450 2384 ῥαδίως
492 2332 569 2370 κατε·
595 2319 647 2368 τού
680 2317 764 2383 ὄρους
800 2316 971 2383 κρύπτεςθαι.

196 2395 569 2463 ςκεύαςτο,άτεούχὸλοκλὴ-
596 2394 731 2449 Τάττεται
764 2397 815 2450 ούν
842 2397 886 2450 ἐπί
913 2401 972 2450 τῶν

194 2475 568 2541 ρουτούςώματοςγεγραμ-
596 2473 699 2540 ῥαδίως
739 2476 969 2541 ςυντελουμένων.

195 2555 288 2621 μένου.
598 2554 646 2608 Καί
673 2555 727 2623 γάρ
755 2557 799 2609 καί
825 2557 841 2608 ὁ
865 2557 971 2624 Βούτης

595 2635 697 2702 ῥαδίως
711 2637 910 2701 κατεςκευάςθη
922 2636 971 2689 άτε

596 2717 632 2782 μὴ
643 2716 834 2783 γεγραμμένου
842 2719 894 2769 τού
903 2716 970 2768 ὅλου

596 2796 721 2860 ςώματος
744 2795 831 2851 αύτού
854 2792 898 2866 <P
922 2795 971 2848 άτε

596 2877 648 2941 οὐχ
666 2876 819 2943 ὁλοκλήρου
838 2879 889 2929 τού
904 2875 970 2940 ςώμ.

595 2972 669 3023 γεγρ.
687 2981 720 3000 κ
734 2955 822 3028 Hes.)

230 3059 379 3127 1131220.
416 3061 568 3115 Θετταλικά
631 3067 691 3118 493,
709 3062 899 3129 Θεττπτερά·
915 3061 970 3115 ἀπὸ
1034 3059 1118 3128 1279,
1134 3066 1158 3114 3.
1214 3059 1293 3113 Θεττ.
1326 3077 1374 3118 πτ.

211 3141 313 3209 πτερά
336 3145 422 3196 τούτο
445 3142 551 3209 είρηται
594 3147 646 3196 τού
664 3143 714 3195 τάς
728 3143 895 3196 θετταλικύς
907 3145 970 3208 χλα-
997 3146 1083 3195 τούτο
1098 3141 1201 3208 εἴρηται
1221 3169 1253 3178 -
1272 3142 1377 3206 χλαμύ-

195 3223 241 3276 διά
266 3222 300 3274 τὸ
327 3222 466 3288 πτέρυγας
497 3222 569 3287 ἔχειν
613 3223 700 3287 μύδας
722 3223 793 3287 ἔχειν
817 3223 952 3289 πτερύγια
998 3223 1047 3276 δας
1070 3245 1104 3264 --
1127 3221 1191 3274 Hes.
1229 3221 1378 3285 Πτέρυγες

194 3301 568 3367 τάςΘεςςαλικάςχλαμύδος·
596 3303 714 3369 εἴρηται’
729 3301 830 3356 έοίκαςι
843 3302 969 3367 γάρπτέ-
997 3302 1028 3354 δέ
1054 3331 1088 3340 -
1112 3301 1224 3367 πτέρυξι
1248 3325 1282 3344 =
1305 3299 1375 3355 Hes.

193 3383 328 3449 πτέρυγες
349 3382 403 3448 γὰρ
422 3383 570 3434 καλοῦνται
596 3385 671 3449 ρυξιν
688 3380 716 3436 αἱ
730 3383 901 3449 ἑκατέρωθεν
915 3399 970 3446 γω-
997 3381 1033 3435 ad
1052 3381 1175 3438 verbum.

213 3462 239 3516 οί
262 3463 435 3529 ἑκατέρωθεν
453 3459 551 3525 γωνίαι
595 3461 659 3515 νίαι.
744 3484 749 3495 ·

195 3543 240 3596 διά
258 3542 292 3595 τὸ
310 3541 428 3595 ἑοικέναι
448 3541 568 3608 πτέρυξι.

230 3645 391 3715 11312‚24.
428 3649 569 3702 Θετταλὸν
631 3646 853 3704 494=P1v29.
868 3649 969 3704 Θεττα·
1032 3647 1150 3717 Ima
1167 3648 1373 3718 Θεςςαλδνςοφ.

196 3728 323 3795 ςύφιςμα·
355 3727 487 3795 παροιμία
524 3728 568 3782 έπί
594 3733 652 3783 λων
670 3746 732 3796 ςοφ.
755 3727 908 3801 (παροιμία
925 3730 971 3782 έπί
997 3728 1041 3781 ἐπὶ
1058 3733 1117 3782 τῶν
1134 3732 1169 3796 μή
1185 3731 1376 3796 εὐθυμαχούν-

195 3812 254 3861 τῶν
280 3808 468 3876 ςοφιζομένων
491 3811 568 3872 λεγο-
594 3813 653 3862 τῶν
676 3809 864 3876 ςοφιζομένων
892 3812 969 3875 λεγο-
995 3825 1055 3862 των
1073 3808 1103 3862 ἐν
1119 3810 1375 3876 τοῖςπαρατάξεςιν

195 3889 263 3954 μένη
292 3891 335 3940 καί
363 3891 400 3956 μὴ
424 3889 568 3956 emmona,-
595 3889 718 3955 μένηδιά
731 3889 799 3942 τὸ**
812 3895 853 3958 τῷ
868 3890 969 3943 Θεττα-
996 3889 1065 3942 ἀλλὰ
1084 3891 1326 3957 κακουργούντων.

195 3969 332 4038 χούντων.
594 3971 634 4038 λιρ
652 3969 747 4032 λύγων
762 3969 902 4041 έκπεςεῖν>
917 3987 969 4036 φυ-
1032 3968 1130 4036 1279,
1148 3973 1173 4024 8.
1224 3969 1376 4026 Θετταλῶν

594 4048 737 4101 λάττεςθαι
755 4051 791 4115 μή
812 4049 906 4101 έλωςιν
921 4050 968 4101 αύ-
997 4049 1057 4115 ςδφ.
1082 4043 1127 4102 καί
1151 4049 1195 4102 έπί
1217 4050 1306 4116 μάχης
1327 4055 1375 4105 καί

593 4128 644 4181 τὸν
663 4127 690 4181 οἱ
708 4128 736 4183 ἐξ
755 4127 882 4182 ἐναντίας
900 4128 967 4196 εύχῇ
996 4129 1040 4182 ἐπὶ
1072 4129 1210 4196 ςχηματος
1245 4132 1291 4182 καί
1327 4130 1374 4184 ἐπί

595 4207 696 4272 μείζονι
721 4211 765 4262 καί
792 4208 968 4277 λαμπροτέρα
995 4210 1208 4276 παρακρούςεως
1222 4210 1266 4261 καί
1280 4210 1377 4264 ἄλλων

595 4289 660 4340 κατ’
681 4289 768 4342 αὐτού
795 4289 968 4355 χρηςάμενοι.
996 4289 1102 4356 μυρίων
1142 4288 1283 4342 τάςςουςιν
1320 4289 1374 4344 ἀπ’

596 4368 702 4436 Νοήςας
720 4369 771 4422 ούν
784 4370 818 4422 τὸ
832 4369 966 4433 λόγιον...
996 4368 1085 4422 αἰτίας
1101 4369 1242 4436 τοιαύτης.
1279 4369 1372 4440 Αίάτῳ

594 4445 771 4520 <ἑκατόμβην
790 4449 900 4517 ἀνδρῶν
919 4450 967 4516 ηύ-
995 4450 1048 4516 γάρ
1068 4448 1190 4502 κατιάντι
1207 4450 1222 4501 ὁ
1237 4449 1300 4502 θεὸς
1314 4449 1371 4519 ἔφη
