2936 4996
210 205 274 269 346
630 204 786 258 Fridericne
804 203 993 258 Brachmann:

237 365 341 435 Diog.l
429 365 592 434 Apostoliua
665 364 754 418 Valie.
773 365 802 420 K.
835 364 916 434 Greg.
928 363 1045 434 Cyprius
1056 361 1212 431 DiogVind.
1234 360 1399 414 Macarius

424 470 488 524 XIII
497 477 530 525 68
1120 501 1150 508 --
1280 466 1318 518 VI
1331 474 1380 520 66

359 1329 362 1336 .
451 1240 647 1344 -ΜῖΡ.ΙΙ86

452 1369 650 1426 -nunu

439 1449 489 1502 xv
500 1453 534 1502 ie

438 1528 532 1610 nun

279 1689 369 1742 Bene!
439 1654 534 1708 XIV

226 1779 335 1832 Vlll4e
426 1778 533 1838 xvlol
918 1812 950 1818 -·

302 1857 361 1911 deb
426 1858 490 1913 XVI
502 1863 548 1912 55·
723 1888 752 1895 —
1257 1860 1322 1913 VIII
1334 1865 1374 1912 24

302 1944 335 1992 47
426 1938 491 1992 XVI
502 1944 534 1992 58
1258 1939 1322 1992 VIII
1333 1946 1373 1993 38

302 2023 336 2070 48
413 2019 491 2072 XVII
502 2025 536 2073 20

301 2103 336 2150 49
427 2098 534 2153 ΧἮ81

303 2184 336 2231 60
426 2179 491 2233 XVI
520 2186 535 2233 3

303 2263 334 2310 ol
452 2258 649 2313 -M.P.Hoe
724 2287 753 2294 —

303 2342 336 2390 52
427 2338 491 2393 XVI
502 2344 537 2393 60

303 2422 337 2470 53
414 2417 492 2471 XVII
504 2424 535 2471 17

304 2502 338 2550 54
415 2497 493 2550 XVII
520 2503 536 2551 5

305 2581 338 2630 55
415 2577 492 2630 XVII
502 2583 537 2630 44

304 2663 338 2710 56
415 2657 492 2711 XVII
503 2662 537 2710 48
724 2688 756 2695 —
919 2687 952 2696 —

416 2735 493 2790 XVII
505 2742 537 2791 19
697 2737 735 2789 IV
751 2742 784 2791 ‘15
875 2735 991 2791 Ρ11184

308 3323 373 3382 Iam
387 3326 511 3397 constat,
527 3325 605 3400 qnod
620 3343 710 3400 supra
725 3326 859 3386 diximus.
879 3327 920 3385 Et
933 3346 970 3385 ne
985 3330 1072 3402 putes
1087 3327 1141 3387 hoc
1155 3345 1243 3401 posse
1257 3327 1391 3404 cogitari,

220 3434 255 3472 ex
264 3413 354 3472 variis
364 3412 499 3472 fontibus
508 3413 581 3472 haec
594 3415 752 3489 proverbia
760 3416 792 3472 in
803 3416 937 3492 singulos
948 3415 1062 3475 codices
1077 3415 1242 3493 irrepsisse,
1257 3435 1313 3491 age
1325 3435 1389 3475 con·
1454 3455 1455 3496 ἦ

219 3503 298 3560 foras
318 3502 452 3577 singulas
467 3501 547 3561 inter
561 3520 592 3560 ae
606 3503 825 3578 explicationes,
844 3507 940 3580 neque
961 3505 1043 3562 dubii
1062 3505 1225 3581 quidquam
1245 3505 1391 3580 relinquet
1454 3497 1455 3538 l

219 3591 377 3652 verborum
393 3608 561 3651 consensus.
584 3591 690 3668 Itaque
704 3611 757 3668 pro
768 3596 848 3652 certo
859 3595 961 3669 potest
975 3593 1144 3652 adfirmatio
1161 3613 1257 3652 mnes
1272 3613 1389 3668 paroe-

219 3679 450 3755 miographoe
480 3679 696 3756 Byzantinos
731 3683 852 3757 copias
886 3699 967 3740 suaa
1001 3701 1040 3741 ex
1078 3684 1277 3758 archetypo
1316 3683 1389 3741 eive

220 3857 280 3916 Ubi
297 3876 368 3916 vero
388 3858 532 3916 attentius
552 3857 670 3934 singula
688 3860 795 3917 harum
814 3860 1029 3918 conlectionum
1048 3860 1388 3936 proverbia'contuleria

219 3948 251 4006 in
261 3947 348 4005 duas
367 3965 417 4006 eas
431 3946 582 4006 discedere
597 3947 757 4008 familias
772 3949 858 4007 facile
872 3949 1045 4024 intelleges:
1060 3949 1128 4008 hinc
1147 3949 1295 4024 epitomen
1310 3948 1388 4006 Vin-

221 4036 459 4095 dobonenaem
492 4055 568 4094 cum
601 4037 769 4108 Macerio,
803 4037 884 4096 illinc
916 4037 1018 4113 Diog.
1042 4039 1056 4095 I
1080 4057 1156 4097 cum
1184 4037 1387 4113 Apostolio,

221 4123 321 4201 Gr'cg.
338 4125 483 4201 Cyprio,
498 4125 676 4184 Vaticano
691 4125 727 4184 Κ.
750 4126 834 4195 Quod
852 4127 908 4184 hac
927 4145 963 4184 cx
981 4127 1087 4185 tabula
1105 4127 1232 4184 dilucide
1254 4131 1385 4202 apparet:

295 4313 319 4379 1)
341 4311 420 4376 Quod
434 4311 490 4364 iam
507 4313 617 4366 constat
630 4313 665 4367 de
677 4313 823 4382 Apostolio
838 4315 867 4367 et
876 4313 1021 4381 Vaticano,
1036 4315 1069 4368 dc
1086 4315 1167 4384 Greg.
1184 4313 1264 4384 prr.
1280 4315 1385 4368 Cresius
1454 4287 1455 4298 ἵ

222 4401 248 4453 p.
264 4388 297 4436 42
312 4383 401 4436 adnl
422 4381 549 4436 coniecit.
