2936 4996
399 242 582 311 Quaestiones
600 243 935 314 Pseudo-Diogenieneee.
1188 241 1252 308 381

173 413 425 472 Perscruiendum
453 412 547 489 igilur
575 416 634 490 esi,
662 413 787 472 numid
810 431 906 490 genus
929 412 1193 488 interpolationum
1215 411 1253 471 ub

81 504 247 578 archetypo
266 501 400 561 codicum
419 503 486 561 ch.
505 503 694 580 volgalorum
712 521 835 578 prorsus
854 503 893 560 sii
911 502 1050 561 alienum.

173 590 297 650 Zenobii
325 590 657 668 codices-interpolatos
681 591 863 667 Parisiuum,
885 591 1097 667 Bodleienum‚
1121 589 1254 651 Ps.·Dio·

82 681 246 757 geniorum
274 681 394 754 praeter
417 683 542 755 querboo
569 680 761 740 coelectionis
780 671 883 760 (Lour.
897 670 943 760 II)
960 678 1119 755 proverbia
1137 683 1169 737 el
1186 697 1253 738 con·

81 771 183 828 tincas
212 769 280 828 illes
308 769 429 844 quintae
455 769 529 828 oonl.
553 768 644 829 series
674 769 766 832 oliam
788 769 908 828 ordines
930 768 1077 844 recepisse
1101 787 1137 826 ox
1159 767 1253 826 lexico

81 858 184 935 aliquo
203 857 395 934 depromptos
413 860 496 918 recle
514 856 637 918 Crusius
657 858 810 936 cognovit,
832 857 939 916 mirum
963 857 1071 916 hurum
1093 856 1255 932 inberpole-

83 948 199 1007 lienum
226 966 293 1006 curn
320 947 422 1006 Pholii
449 947 541 1023 copiis
569 966 747 1008 consensum
774 947 886 1006 bubulis
914 950 1017 1022 aperie
1045 945 1253 1006 demonstrans

85 1031 169 1117 (pag.
191 1039 253 1096 117
274 1028 362 1118 sqq).
403 1036 463 1095 Ubi
490 1055 561 1096 vero
586 1036 731 1114 Hesychii
757 1036 873 1097 lexicon
898 1036 989 1112 paulo
1012 1035 1158 1094 abientius
1186 1052 1253 1092 cum

83 1125 248 1186 Bodleiano
256 1117 368 1207 ¹)·(qui
386 1126 562 1184 lemmatum
581 1125 714 1186 ordinem
732 1125 844 1204 optimc
863 1116 1008 1205 servavit)
1025 1123 1253 1200 compatereris,

82 1215 168 1275 illos
188 1215 509 1292 paroemiogrephi
523 1214 667 1276 ordines
683 1233 723 1274 ox
735 1215 852 1275 lexico
866 1215 1016 1274 haustos
1032 1212 1126 1289 epud
1139 1212 1251 1288 Hesy-

82 1304 199 1363 chium
221 1302 411 1363 uberiores
435 1307 579 1363 exubero
602 1303 782 1379 invenies,
806 1302 947 1380 relique
970 1305 1088 1362 cutem
1108 1300 1253 1361 Bodlei-

82 1393 139 1451 uni
163 1391 357 1468 proverbia
383 1391 593 1470 plerumque
616 1396 679 1453 uui
706 1393 846 1452 omnino
870 1393 994 1451 deesse
1018 1391 1113 1467 apud
1136 1390 1253 1467 Hesy-

83 1481 201 1540 chium
218 1483 280 1539 uui
298 1480 382 1540 eliis
401 1480 522 1540 verbis
541 1501 620 1542 esso
639 1483 831 1558 explicabo.
855 1481 943 1557 Num,
962 1483 996 1539 ub
1014 1480 1126 1540 eisdem
1145 1479 1252 1555 quibus

84 1569 207 1630 Crusius
230 1572 299 1629 uber
322 1569 478 1646 exemplis,
502 1571 624 1631 exhibeb
649 1571 818 1648 Hesychius
841 1570 897 1630 sub
920 1569 1009 1629 litero
1032 1568 1048 1632 ζ
1076 1569 1132 1630 hoc
1159 1587 1252 1636 unum

83 1659 284 1735 proverbium:

82 1775 454 1918 Hesychisrrohllldllt3,52(ed.
482 1776 561 1834 Bodl.
576 1784 627 1834 467
651 1805 684 1824 =
703 1779 764 1836 Per.
780 1779 817 1834 lV
829 1786 853 1834 9.
881 1775 1253 1846 Photiuolp.250(liober).

218 1864 292 1902 cnu
337 1887 343 1902 .

133 1955 273 2023 Ζωπύρου
300 1956 435 2010 τάλαντα·
517 1959 593 2014 Ζωπ.
613 1958 672 2011 τάλ.
718 1958 854 2024 Ζώπυρος
916 1959 994 2013 Ζωπ.
1017 1957 1077 2010 τάλ.
1122 1957 1255 2022 Κρατῖνος

84 2037 213 2103 Κρατῖνος
222 2035 253 2088 ἐν
261 2035 379 2104 Πυλαῖᾳ·
394 2037 454 2089 Ζώ-
482 2037 627 2104 δΠέρςης
653 2041 751 2104 βαςιλεῖ
780 2053 854 2104 χαρι-
882 2039 911 2091 ἐν
925 2035 1047 2105 Πυλαῖᾳ·
1066 2037 1170 2090 τουτόν
1187 2053 1253 2103 φηςι
1325 2091 1330 2100 ,

82 2131 166 2182 τπιρος
189 2115 331 2182 δΠὲρςης
353 2119 453 2183 βαςιλεῖ
480 2117 595 2183 ζόμενος
610 2118 778 2183 μαςτιγώςος
792 2118 854 2170 luu-
881 2118 1110 2182 Θεόπομπος...
1142 2115 1253 2182 Πέρςην

83 2196 259 2262 χαριζόμενος
284 2196 453 2260 μαςτιγώςας
479 2198 531 2251 τὸν
550 2200 594 2251 καῖ
612 2200 665 2265 τὴν
683 2200 746 2266 ῥῖνα
759 2199 804 2250 καὶ
818 2197 854 2250 τὰ
881 2199 950 2251 ὄντα
968 2197 1023 2250 ὑπὸ
1038 2195 1193 2263 φιλοτιμίας
1206 2211 1253 2261 χα-

83 2276 180 2330 έαυτὸν
218 2278 269 2341 τῆς
301 2276 376 2344 ῥινὸς
408 2279 452 2330 καῖ
479 2278 539 2332 ώτα
567 2279 745 2346 ’ἀφελόμενος
776 2275 855 2331 εἰςελ-
880 2278 1024 2346 ριζόμενον
1048 2279 1146 2342 βαςιλεῖ
1164 2292 1253 2340 μαςτι-

82 2359 137 2408 τών
169 2355 252 2407 ὤτων
280 2355 453 2423 ἀφελόμενος
479 2360 538 2412 θὼν
561 2357 600 2412 εἰς
618 2360 769 2424 Βαβυλῶνα
788 2355 854 2426 (καῖ
880 2363 966 2423 γιῖιςαι
994 2357 1108 2414 ἑαυτὸν·
1136 2357 1254 2422 καὶτῆς

83 2434 207 2488 εἰςελθών
235 2433 274 2488 εἰς
302 2437 452 2501 Βαβυλῶνα
478 2437 649 2510 πιςτευθεῖς)
673 2438 718 2492 διὰ
737 2437 774 2490 τὰ
791 2438 853 2503 περὶ
880 2439 955 2506 ῥινὸς
996 2438 1040 2492 καῖ
1075 2440 1134 2490 τών
1171 2437 1254 2496 ὤτων

82 2516 224 2581 προῦδωκε
241 2517 294 2582 τὴν
312 2517 400 2586 πόλινι
478 2519 512 2572 τὸ
534 2524 611 2585 ςῶμα
634 2519 781 2586 προῦδωκε
800 2518 853 2583 τὴν
879 2518 1104 2585 ἀποςτερήςαντα
1127 2515 1254 2570 εἰςελθεῖν

477 2599 566 2654 πόλιν.
586 2599 732 2670 [Ὕςτερον
751 2597 782 2650 δέ
796 2597 853 2649 Ao·
880 2597 918 2652 εἰς
951 2600 1103 2663 Βαβυλῶνα
1134 2598 1179 2650 καῖ
1212 2613 1253 2648 πι-

478 2685 551 2746 ρεῖος
574 2677 642 2731 ἰδών
660 2677 748 2731 αὐτὸν
767 2677 852 2743 εἷπεν,
879 2677 1253 2744 ςτευθένταδιὰταύτηντήν

478 2759 594 2812 Ἤθελον
618 2759 757 2825 Ζώπυρον
778 2760 853 2809 ςώον
897 2757 1048 2824 κακουχίαν
1070 2760 1234 2824 καταλαβεῖν

478 2839 581 2906 ἔχεινῆ
598 2837 695 2905 μυρῖας
711 2854 756 2903 μοι
768 2838 852 2902 Βαβυ-
878 2841 932 2906 τὴν
945 2839 1037 2892 πόλιν·
1054 2839 1084 2892 ἐκ
1093 2843 1254 2904 μεταφορᾶς

477 2917 733 2988 λώναςὺπάρχειν.]
750 2917 795 2971 Ἐκ
810 2933 853 2983 με·
880 2919 931 2972 οὖν
964 2919 1026 2972 εἷπε,
1055 2919 1179 2972 τάλαντα
1208 2918 1252 2970 καῖ

477 3003 605 3065 ταφορᾱς
634 2998 685 3051 οὖν
717 2999 777 3051 εῑπε
807 2998 853 3051 τά·
880 2998 962 3065 ζυγὰ,
996 2997 1081 3052 οῑονεῖ
1113 2997 1181 3064 ἔργα
1208 2999 1253 3052 καῖ

477 3080 565 3132 λαντα
584 3075 672 3150 <καῖ>
693 3079 764 3143 ζυγὰ
782 3078 853 3132 οῖον·
879 3080 997 3147 πράξειε.

478 3153 544 3229 <εῖ>
563 3159 631 3225 ἔργα
645 3160 690 3211 καῖ
704 3157 852 3227 πράξεις’)

169 3267 231 3328 Sub
250 3287 269 3344 η
289 3269 371 3346 opud
388 3270 575 3348 Hesychium
593 3271 667 3332 heeo
685 3277 859 3349 comparent
877 3271 1048 3351 proverbio:

184 3383 347 3456 Hesychius.
463 3387 466 3457 l
575 3386 753 3443 Bodleiunue.
1002 3388 1127 3446 Phoiius.

114 3491 246 3562 flesso.
297 3493 330 3546 Ἢ
350 3496 390 3548 uo
409 3511 451 3562 χε-
514 3499 565 3550 ror
588 3521 622 3541 =
641 3485 715 3549 ΡΝ
731 3501 772 3552 19.
818 3497 851 3549 Ἠ
914 3497 963 3566 lp.
972 3501 1032 3552 ιω.
1052 3499 1085 3551 Ἢ
1100 3499 1141 3552 co
1155 3497 1253 3566 (codex

82 3573 169 3642 λώνης
185 3574 252 3640 κρέα
266 3580 366 3641 φαγεῖν
380 3577 397 3642 ἢ
413 3578 449 3643 μὴ
479 3567 519 3628 δεῖ
542 3605 577 3615 -
601 3578 637 3643 μὴ
649 3582 774 3643 ,φαγεῖν
802 3580 853 3643 τῆς
878 3578 960 3647 ἡδεα)
973 3608 1008 3618 -
1022 3581 1058 3646 μὴ
1074 3585 1187 3648 φαγεῖν·
1201 3584 1252 3647 τῆς

82 3659 190 3717 φαγεῖν
204 3653 450 3721 τῆςχελώνηςδλῖ-
478 3654 600 3723 χελώνης
616 3654 695 3721 δλῖγα
709 3655 851 3723 βρωθέντα
878 3659 1052 3726 χελώνης-
1071 3659 1194 3727 καθαίρει
1217 3667 1251 3705 ='·

81 3747 114 3794 γα
131 3732 199 3800 κρέα
218 3733 360 3798 βρωθέντα
375 3737 450 3802 ςτρδ-
477 3735 513 3788 τὰ
536 3734 603 3802 κρέα
629 3734 742 3805 (PebD
771 3735 850 3801 δλῖγα
877 3737 942 3794 Hes.
962 3739 1046 3793 ‘'OOcr
1060 3741 1106 3791 καῖ
1119 3741 1172 3806 τὴν
1184 3756 1252 3808 παρ-

82 3828 149 3876 φους
161 3817 234 3865 ποιεῖ
248 3813 337 3866 πολλὰ
346 3814 377 3867 δέ
386 3820 449 3870 καθ·
477 3816 544 3883 κρέα
568 3816 710 3882 βρωθέντα
725 3842 759 3862 --
772 3816 850 3885 Ηεο.)
877 3818 968 3884 οιμῖαν
1005 3819 1125 3886 Δήμων·
1162 3822 1252 3887 ἕτεροι

81 3889 157 3956 αι’ρει·
186 3887 258 3945 δθεν
280 3895 333 3960 τὴν
355 3911 449 3963 cropor-
476 3897 615 3964 ιτρδφους
646 3902 730 3963 ποιεῖ,
761 3898 850 3951 πολλὰ
877 3900 908 3953 δέ
932 3901 975 3953 lul
997 3903 1056 3953 τών
1084 3900 1251 3954 ἀποδύντων

80 3969 139 4034 μίαν
156 3972 288 4037 λέγεςθαι.
477 3977 507 4029 δέ
526 3975 657 4045 καθαίρει.
694 3974 798 4048 <Ὅθεν
830 3980 848 4045 ἡ
877 3981 926 4045 μέν
963 3985 1076 4047 πρᾶγμα
1107 3996 1251 4048 ςτρατευο-

474 4055 614 4123 παροιμία.
633 4057 740 4124 ’Ἑτεροι
760 4058 791 4111 δέ
805 4058 849 4111 έπῖ
876 4060 967 4125 μένων
986 4060 1028 4114 δέ·
1053 4062 1118 4127 ouri
1137 4061 1167 4114 δέ
1185 4060 1251 4114 ταὺ-

474 4141 532 4190 τών
565 4137 727 4205 ἀρχομένων
759 4139 848 4204 δρμᾶν
874 4157 927 4208 την
944 4139 1105 4207 Τερψίωνος
1122 4143 1200 4195 εῖναι.

84 4240 293 4251 ἣ*-

147 4296 173 4357 1)
193 4293 305 4361 explebo
329 4293 448 4362 scilicet,
468 4296 517 4351 ubi
539 4313 584 4352 rer
606 4297 732 4368 postulet
755 4313 789 4352 cx
807 4297 935 4354 Parisino
959 4301 989 4355 eb
1006 4299 1248 4372 Ps.·l)iogeniuno.

145 4367 174 4434 2)
193 4364 290 4444 Qrusio
313 4365 383 4421 duco
406 4366 492 4422 verbe
515 4385 548 4423 ex
566 4369 589 4424 P
612 4367 744 4439 supplete
769 4368 877 4426 uncinis
895 4370 946 4445 <>
963 4371 1078 4441 inclusi,
1103 4390 1174 4444 quse
1193 4390 1249 4432 non

79 4435 186 4494 circu
203 4453 234 4492 ur
252 4437 275 4492 P
294 4437 425 4495 cancellis
443 4437 477 4512 []
497 4439 596 4511 scepei.
