2936 4996
204 271 270 336 396
325 269 484 326 Friderieus
504 270 692 327 Brachmann:
713 268 895 337 Quaestiones
914 269 1256 341 Pseudo-Diogenianeae.

203 441 350 516 potatas
380 439 421 499 ad
451 440 599 500 verbum
628 441 706 500 fere
739 439 976 513 exscriberet,
1010 459 1026 500 a
1055 431 1189 500 esteris
1217 439 1385 500 codicum

203 529 374 606 partibus
394 529 469 589 fere
487 530 624 600 nullum
643 530 825 605 reciperet
844 529 991 588 lemma?
1024 528 1116 588 Cuius
1134 529 1178 588 rei
1197 528 1385 589 Schmidtius

203 619 281 677 hanc
299 618 398 677 adfert
419 617 645 694 explicationem
664 619 683 678 l.
699 638 721 678 s.
737 637 758 678 s.
778 637 846 694 pag.
863 621 942 678 124:
962 617 1146 696 „Hesychius
1170 637 1236 676 cum
1260 618 1291 676 in
1310 619 1384 678 Dio-

203 707 331 783 geniano
350 708 388 766 ad
402 707 536 768 ordinem
550 707 720 766 litterarum
735 707 896 784 digerendo
911 707 1037 783 aliisque
1053 707 1155 767 lexicis
1170 707 1384 784 amplificando

204 799 365 872 occupatus
381 797 469 872 esset,
485 797 563 856 inre
582 796 738 874 permagni
755 796 868 856 laboris
888 815 922 856 eo
936 795 1127 872 potissimum
1143 795 1268 856 artificio
1284 800 1384 856 semet

203 885 303 960 ipsum
322 885 505 960 sublevavit,
529 888 565 945 ut
582 887 635 944 aut
653 885 749 945 libros
768 885 1071 961 compilaretordiuis
1090 884 1384 964 observantissime,

202 977 256 1032 aut
276 973 371 1033 sicubi
389 974 560 1033 litterarum
583 975 675 1034 series
695 975 792 1033 minus
816 975 957 1034 adcurate
975 979 1096 1034 servata
1114 980 1206 1048 esset,
1228 993 1278 1034 eos
1297 979 1382 1034 certe

202 1081 262 1121 non
281 1081 348 1120 oum
366 1062 533 1139 pulvisculo
550 1059 747 1123 exhauriret.“
772 1063 853 1132 Quae
872 1063 898 1122 si
915 1063 961 1122 ita
977 1067 1085 1140 essent,
1104 1082 1283 1141 magnopere
1298 1067 1384 1122 esset

206 1150 425 1228 admirandum,
444 1171 497 1211 cur
514 1152 684 1228 Hesychius
704 1153 760 1210 sub
779 1169 799 1210 α
818 1155 849 1210 et
868 1169 883 1211 ε
902 1153 1237 1230 paroemiographorum
1255 1152 1383 1228 agmina

203 1239 363 1315 expilasset
391 1241 469 1300 male
498 1241 635 1316 turbata,
663 1241 738 1300 alias
765 1241 876 1300 multas
905 1241 1027 1316 quintae
1060 1241 1252 1301 conlectiouis
1285 1240 1381 1300 series

201 1329 338 1404 quamvis
363 1329 504 1389 adcurate
530 1330 705 1407 dispositae,
732 1330 817 1390 velut
839 1330 1048 1408 Bra-142,
1073 1331 1161 1406 plane
1186 1329 1380 1405 neglexisset.

200 1417 337 1493 Denique
363 1417 521 1478 discrimen
550 1419 664 1478 faciunt
686 1419 824 1478 multae
851 1418 939 1478 illae
968 1419 1380 1496 paroemiographorum

201 1507 469 1582 explicationes
490 1528 529 1567 ex
547 1507 801 1584 lexicographi
821 1511 856 1567 et
871 1507 1018 1570 Zenobii
1032 1507 1380 1584 interpretamentis

201 1595 493 1672 conglutinatae:
519 1596 702 1674 Hesychium
727 1597 804 1656 enim
827 1596 1056 1672 explicationem
1074 1601 1176 1673 partes
1196 1616 1232 1656 ex
1250 1597 1381 1656 Zenobio

203 1685 395 1761 depromptas
406 1704 477 1745 casu
491 1685 676 1762 fortuitoque
687 1690 750 1744 tam
760 1679 995 1761 saepdomisisse
1004 1705 1091 1746 nemo
1103 1688 1236 1746 statuere
1246 1685 1381 1766 audebit.

290 1773 359 1833 Non
386 1794 485 1834 meum
513 1793 579 1834 esse
605 1775 709 1850 putavi
732 1775 763 1833 in
786 1775 1063 1852 lexicographorum
1087 1775 1188 1835 studia
1209 1775 1247 1832 ad
1271 1775 1380 1833 horum

201 1863 429 1938 proverbiorum
450 1882 635 1944 communem
655 1864 768 1924 fontem
781 1863 983 1940 indagandum
997 1865 1088 1924 altius
1102 1864 1262 1939 inquirere,
1281 1883 1381 1939 neque

202 1951 404 2028 investigatae
427 1952 515 2012 huius
540 1952 725 2029 cognationis
748 1953 863 2013 fructus
883 1953 1009 2030 singulis
1028 1953 1100 2014 locis
1119 1952 1329 2029 comparandis
1348 1956 1381 2012 et

200 2040 383 2116 corrigendis
403 2041 563 2119 percipere.
580 2041 676 2102 'Satis
695 2043 787 2102 habui
804 2043 1142 2118 paroemiographorum
1161 2041 1317 2118 archetypi
1332 2060 1379 2100 re·

201 2129 347 2190 stituendi
364 2150 475 2192 norum
493 2131 698 2192 adiumentum
718 2130 872 2192 indicasse.
