2936 4996
205 230 270 295 362
309 225 312 230 ’

432 391 512 462 Diog.
523 391 537 445 I

241 499 319 554 1152.
346 501 438 554 Ἄλλοι
457 501 506 566 μὲν
525 499 668 568 επείρουει,
688 501 765 554 ἄλλοι

207 582 238 634 δέ
258 581 421 648 ἀμήεονται·
440 582 572 649 φανερόν.

241 686 318 741 1190.
352 689 502 754 Ἀργαλέον
520 689 679 755 φρονέοντα
700 691 765 756 παρ’

105 771 111 781 ”
207 770 306 835 ἀφροει
324 769 403 821 πάλλ’
421 769 576 835 ἀγορεύειν·
596 769 729 836 φανερόν.

243 873 281 927 IV
294 881 334 928 19.
372 861 514 942 Δίεπρὸε
537 875 587 928 τὸν
607 876 692 928 αύτὸν
712 875 764 928 αἰε·

207 956 274 1023 χρὸν
305 957 485 1024 προεκρούειν
515 953 604 1008 λίθον·
632 957 765 1023 φανεράν.

244 1222 320 1277 V28.
342 1223 446 1276 Ἱππέα(
460 1223 497 1276 εἰ(
510 1222 619 1277 πεδίον·
634 1224 765 1291 φανεράν.

244 1569 321 1666 IIII).
348 1571 416 1636 Ἱερά
435 1569 554 1642 άγκυραζ·
575 1572 643 1638 δήλη
663 1574 680 1638 ἡ
700 1588 767 1638 παρ-

209 1667 291 1716 οιμια.

245 1995 324 2050 V33.
364 1997 448 2062 Ἰχθύν
471 1997 599 2062 νήχεεθαι
623 1997 766 2051 διδάεκειε·

211 2077 292 2142 ὁμοία
315 2083 363 2144 τή·
401 2077 518 2144 Δελφῑνι
544 2081 682 2144 κολυμβᾶν
707 2096 768 2144 (υμ-

211 2159 338 2225 βουλεύῃ.

246 2263 323 2317 V62.
346 2264 424 2330 Κριὸε
441 2264 478 2316 τὰ
496 2269 629 2330 τροφεῖα·
648 2259 692 2318 έπί
710 2270 768 2318 τῶν

212 2343 381 2411 ἀχαρίετων·
400 2347 417 2410 ἡ
439 2345 469 2396 δέ
487 2343 590 2410 ίετορία
609 2345 688 2411 δήλη.

246 2610 285 2662 VI
295 2615 336 2665 42.
357 2611 459 2680 Μέτρω
474 2613 550 2679 ὕδωρ
564 2611 692 2666 πίνοντεε
706 2613 769 2677 ἀμε-

211 2691 274 2760 τρίᾳ
294 2694 355 2760 (ser.
370 2693 470 2759 άμετρί·
486 2694 527 2762 δέ)
546 2694 633 2757 μᾶζαν
650 2693 768 2746 έδοντεε.

251 3358 301 3412 VII
311 3364 354 3412 43.
381 3360 464 3426 Παρὰ
489 3365 578 3428 κωφῷ
597 3359 771 3427 ἀποπέρδειν.

251 3564 301 3618 VII
313 3570 354 3618 81.
383 3563 533 3632 Πολλάκήε
546 3565 601 3632 τοι]
620 3566 665 3618 καί
680 3567 773 3634 μωράε

215 3647 285 3712 ἀνὴρ
322 3643 498 3711 κατακαίριον
536 3646 608 3698 είπε·
646 3646 717 3713 δήλη
754 3650 771 3713 ἡ

214 3724 355 3792 παροιμία.

252 3848 304 3902 VII
314 3853 378 3903 83η.
410 3849 473 3917 Πύρ
492 3850 542 3903 ὑπ’
562 3851 701 3910 ἀκάνθαις,

609 231 766 287 Fridericus
785 232 974 288 Brachmann:

1010 393 1172 464 Apostolius

855 501 881 555 II
891 507 933 557 24.
972 504 1065 556 Ἀλλοι
1088 532 1123 540 -
1147 502 1312 569 ἀμήεονται·
1336 503 1380 556 ἐπί

819 588 877 636 των
897 584 932 637 τά
950 583 1082 650 ἀλλότρια
1101 583 1257 636 έεθιάντων.

855 689 894 742 IV
905 695 928 743 6.
985 690 1133 756 Ἀργαλέον
1161 721 1195 729 -
1223 690 1378 757 ἀγορεύειν·

821 768 858 823 εἰ(
876 769 1060 823 ἀπαιδεύτου(
1082 771 1115 823 ἀν
1135 769 1239 838 ῥηθείη.

855 875 893 928 VI
904 881 946 931 29.
974 879 1026 930 Δί(
1044 879 1113 945 πρὸ(
1130 877 1164 930 τὸ
1184 879 1245 944 (ser.
1265 877 1327 944 τὸν)
1347 907 1381 914 -

820 955 905 1010 λίθον·
925 957 968 1009 έπί
986 962 1045 1010 τῶν
1064 959 1095 1010 ἐκ
1114 957 1245 1024 δευτέρου
1261 963 1320 1010 τοῑε
1334 958 1381 1010 αύ-

820 1043 878 1091 τοῑε
895 1031 1126 1104 περιπιπτόντων.
1151 1062 1183 1082 =
1207 1035 1272 1090 KH
1287 1042 1321 1090 83
1345 1035 1381 1089 cf.

821 1117 884 1171 Zen.
898 1116 919 1169 P
929 1117 968 1170 III
978 1123 1020 1173 29.

856 1222 894 1276 IX
907 1229 947 1277 13.
990 1226 1096 1278 Ἱππέαε
1123 1224 1160 1278 είε
1189 1224 1285 1278 πεδίον
1315 1242 1381 1292 προ-

821 1307 902 1372 καλῇ·
928 1305 995 1372 ὅπερ
1015 1305 1081 1372 ἔετι,
1105 1307 1171 1358 τού(
1185 1307 1382 1369 εὐδαιμονούν-

821 1401 871 1438 ταε
897 1383 935 1438 εί(
963 1385 1033 1450 άπερ
1065 1385 1272 1449 εὐδαιμονοῦειν
1306 1386 1382 1451 ἔργα.

822 1463 855 1518 cf.
872 1464 935 1518 Zen.
950 1462 972 1514 Β
983 1469 1042 1532 512,
1064 1463 1095 1520 G.
1107 1464 1137 1518 Ο.
1148 1465 1177 1517 M
1187 1464 1225 1516 III
1236 1469 1278 1518 78,

857 1569 895 1624 IX
907 1576 929 1624 1.
951 1573 1018 1639 Ἱερὰ
1032 1573 1151 1639 ἄγκυρα·
1166 1575 1184 1638 ἡ
1197 1573 1301 1638 μεγάλη
1319 1573 1381 1637 βοή-

822 1655 889 1704 θεια.
927 1653 1034 1718 ἀγκυρά
1057 1651 1129 1705 ἐετιν
1151 1652 1182 1705 ἐν
1199 1658 1234 1720 τῇ
1254 1651 1302 1718 νηί
1320 1651 1380 1718 ἱερὰ

823 1732 991 1798 καλουμένη,
1011 1733 1056 1784 καί
1075 1733 1122 1785 ὅτε
1141 1733 1225 1797 μέγα(
1244 1735 1382 1796 καταλαμ-

823 1811 898 1876 βάνει
926 1811 1052 1865 κίνδυνοε
1078 1811 1222 1866 τελευταία
1247 1813 1382 1877 βάλλεται,

823 1891 857 1944 οί.
869 1891 890 1944 Β
901 1896 961 1947 513.

859 1997 897 2050 IX
909 2004 948 2051 19.
988 2000 1073 2065 Ἰχθύν
1096 2001 1157 2066 νήχ.
1183 2002 1233 2053 διδ.
1257 1999 1301 2052 ἐπὶ
1326 2005 1384 2052 τῶν

823 2079 1104 2132 διδαεκόντωντινάε
1123 2079 1140 2132 ἃ
1159 2079 1325 2133 ἐπίετανται.
1339 2078 1383 2134 οί.

825 2157 1028 2224 Zen.PIII30;
1049 2157 1241 2214 G.c.L1131.

859 2265 917 2318 X8.
946 2267 1025 2332 Κριάε
1042 2271 1161 2334 τροφεῖα
1180 2267 1316 2320 ἀπέτιεεν·
1339 2268 1384 2320 ἐπὶ

823 2351 881 2399 των
907 2346 1074 2412 ἀχαρίετων·
1107 2347 1133 2400 οἱ
1160 2348 1214 2413 γάρ
1242 2349 1312 2415 κριοί
1335 2348 1386 2400 τά(

824 2426 933 2493 φάτναε
950 2426 1100 2491 πλήττουει
1119 2429 1163 2480 καί
1181 2429 1248 2480 τού(
1266 2428 1384 2495 τρέφον-

824 2522 881 2559 ταε.
902 2504 936 2560 cf.
949 2507 1011 2560 Zen.
1024 2504 1044 2556 P
1055 2505 1093 2557 IV
1104 2513 1145 2561 63.

859 2611 950 2666 X131.
973 2614 1075 2682 Μέτρῳ
1090 2615 1167 2680 ὕδωρ
1181 2613 1308 2668 πίνοντεε
1323 2617 1385 2680 ἀμε-

822 2692 885 2760 τρίᾳ
914 2693 944 2746 δέ
977 2694 1065 2758 μάζαν
1098 2695 1219 2748 έδοντεε·
1254 2695 1338 2748 ούτοε
1367 2698 1384 2747 ὁ

824 2771 913 2838 ετίχοε
945 2772 982 2826 εἰ(
1013 2773 1163 2839 παροιμίαν
1193 2775 1320 2841 περιέετη
1354 2776 1385 2826 έκ

823 2869 899 2906 τινοε
925 2858 1059 2920 χρηιμοθ,
1089 2853 1121 2907 ὃν
1145 2855 1253 2907 ἀνεῖλεν
1281 2856 1297 2906 ὁ
1322 2856 1384 2909 θεὸς

825 2931 992 3000 (υβαρίταιε.
1027 2933 1148 3000 ύβριεταί
1166 2935 1220 3000 γὰρ
1241 2937 1321 2990 ὄντε(
1340 2938 1383 2988 καί

824 3013 1012 3079 ἀμετροπόται
1051 3013 1198 3067 ἀπώλοντο
1235 3015 1290 3068 ύπὸ
1326 3019 1384 3067 τῶν

826 3093 1039 3159 Κροτωνιατῶν·
1061 3099 1120 3147 τοῖε
1139 3094 1189 3146 ούν
1205 3097 1385 3162 διαφυγούειν

825 3173 920 3226 αὐτῶν
939 3173 1029 3226 ούτωε
1048 3174 1175 3240 έχρήεθη.

860 3250 969 3306 Athone
987 3251 1016 3304 M
1030 3254 1055 3306 II
1066 3259 1100 3306 24
1111 3305 1114 3312 ,
1124 3253 1160 3308 ad
1181 3253 1297 3308 verbum
1317 3255 1383 3308 fere.

861 3357 926 3412 XIII
936 3365 977 3413 99.
992 3360 1075 3428 Παρὰ
1090 3362 1188 3429 κωφὸν
1198 3362 1380 3428 ἀποπαρδείν·

826 3442 870 3495 έπί
888 3445 946 3494 τῶν
965 3442 1147 3509 άναιεθήτων.
1167 3443 1200 3497 cf.
1211 3441 1282 3497 Μοο.
1294 3441 1330 3494 Vl
1342 3447 1384 3496 89.

861 3565 925 3618 XIV
936 3571 978 3619 69.
997 3565 1135 3619 Πολλάκιε
1149 3569 1193 3620 καί
1205 3567 1298 3634 μωρὸε
1312 3568 1385 3634 ἀνὴρ

826 3645 1003 3711 κατακαίριον
1022 3648 1093 3699 είπε·
1114 3647 1157 3699 ἐπί
1172 3651 1230 3700 τῶν
1245 3647 1386 3700 ἀεκέπτωε

828 3727 871 3780 καί
891 3724 1010 3779 επανίωε
1029 3725 1167 3780 εἰπόντων
1186 3745 1212 3780 τι
1233 3727 1353 3780 ευνετὸν.

862 3849 949 3902 Μαυύ.
969 3849 1049 3904 Prov.
1068 3848 1094 3902 II
1113 3855 1146 3902 73
1170 3850 1202 3918 (Ε
1220 3851 1239 3904 Ζ
1259 3850 1335 3903 XVII
1351 3851 1385 3918 4).

826 3931 889 3997 Πύρ
912 3929 950 3983 εἰ(
968 3929 1102 3983 ἀκάνθας·
1127 3930 1171 3983 έπί
1189 3935 1248 3984 τῶν
1271 3930 1334 3998 περί
1359 3948 1384 3984 τι

799 4043 801 4101 4
828 4010 1058 4074 εὐδοκιμούντων.

252 4133 303 4188 VII
313 4139 355 4188 85.
392 4135 489 4200 Πέμπε
517 4136 555 4189 είε
582 4137 696 4202 ἔεχατον
721 4139 774 4204 τήν
799 4106 801 4208 ί
862 4132 926 4185 XIV
937 4139 978 4186 23.
997 4135 1386 4203 Πέμπε-έπιετήμην·παρ·

217 4216 375 4282 έπιετήμην.

142 4304 144 4308 -
253 4339 316 4393 VIII
327 4346 369 4396 30
388 4341 426 4394 Τὸ
446 4342 542 4408 ἀρνιόν
561 4359 600 4395 τοι
619 4342 776 4406 λελάληκεν

828 4216 949 4278 αινετικὴ
968 4215 1037 4281 πρὸ(
1056 4217 1089 4268 τὸ
1108 4215 1269 4269 (πουδάζειν
1288 4215 1339 4268 ἀεί.

864 4338 976 4393 XV111.
1001 4337 1166 4406 Τάάρνίον(
1157 4339 1242 4404 (terec
1243 4339 1334 4408 )εου(
1324 4343 1384 4408 (.οοι·

830 4435 869 4472 εοι
871 4420 1063 4488 )λ·ελάληκεν
1093 4419 1122 4472 ἐν
1147 4417 1271 4486 Αἰγίνῃ(
1262 4421 1323 4486 (.scr
1344 4419 1385 4473 Αἰ-
